%YAML 1.1
%TAG !u! tag:unity3d.com,2011:
--- !u!1001 &100100000
Prefab:
  m_ObjectHideFlags: 1
  serializedVersion: 2
  m_Modification:
    m_TransformParent: {fileID: 0}
    m_Modifications: []
    m_RemovedComponents: []
  m_ParentPrefab: {fileID: 0}
  m_RootGameObject: {fileID: 1622139694251800}
  m_IsPrefabParent: 1
--- !u!1 &1000804554867720
GameObject:
  m_ObjectHideFlags: 1
  m_PrefabParentObject: {fileID: 0}
  m_PrefabInternal: {fileID: 100100000}
  serializedVersion: 5
  m_Component:
  - component: {fileID: 4033596993311706}
  m_Layer: 0
  m_Name: KneePole.L_end
  m_TagString: Untagged
  m_Icon: {fileID: 0}
  m_NavMeshLayer: 0
  m_StaticEditorFlags: 0
  m_IsActive: 1
--- !u!1 &1013996752149964
GameObject:
  m_ObjectHideFlags: 1
  m_PrefabParentObject: {fileID: 0}
  m_PrefabInternal: {fileID: 100100000}
  serializedVersion: 5
  m_Component:
  - component: {fileID: 4888224559660404}
  m_Layer: 0
  m_Name: LowerLeg.L
  m_TagString: Untagged
  m_Icon: {fileID: 0}
  m_NavMeshLayer: 0
  m_StaticEditorFlags: 0
  m_IsActive: 1
--- !u!1 &1111587606006722
GameObject:
  m_ObjectHideFlags: 0
  m_PrefabParentObject: {fileID: 0}
  m_PrefabInternal: {fileID: 100100000}
  serializedVersion: 5
  m_Component:
  - component: {fileID: 4275519797948536}
  - component: {fileID: 137549539670189768}
  m_Layer: 0
  m_Name: CW_Helmet
  m_TagString: Untagged
  m_Icon: {fileID: 0}
  m_NavMeshLayer: 0
  m_StaticEditorFlags: 0
  m_IsActive: 1
--- !u!1 &1127649782210998
GameObject:
  m_ObjectHideFlags: 1
  m_PrefabParentObject: {fileID: 0}
  m_PrefabInternal: {fileID: 100100000}
  serializedVersion: 5
  m_Component:
  - component: {fileID: 4029160623255118}
  m_Layer: 0
  m_Name: Hand.R_end
  m_TagString: Untagged
  m_Icon: {fileID: 0}
  m_NavMeshLayer: 0
  m_StaticEditorFlags: 0
  m_IsActive: 1
--- !u!1 &1140845861755156
GameObject:
  m_ObjectHideFlags: 0
  m_PrefabParentObject: {fileID: 0}
  m_PrefabInternal: {fileID: 100100000}
  serializedVersion: 5
  m_Component:
  - component: {fileID: 4912826189763946}
  - component: {fileID: 137688703543271210}
  m_Layer: 0
  m_Name: Body_LOD2
  m_TagString: Untagged
  m_Icon: {fileID: 0}
  m_NavMeshLayer: 0
  m_StaticEditorFlags: 0
  m_IsActive: 0
--- !u!1 &1156104690909720
GameObject:
  m_ObjectHideFlags: 0
  m_PrefabParentObject: {fileID: 0}
  m_PrefabInternal: {fileID: 100100000}
  serializedVersion: 5
  m_Component:
  - component: {fileID: 4763989116858160}
  - component: {fileID: 137343520036530762}
  m_Layer: 0
  m_Name: Body_LOD0
  m_TagString: Untagged
  m_Icon: {fileID: 0}
  m_NavMeshLayer: 0
  m_StaticEditorFlags: 0
  m_IsActive: 1
--- !u!1 &1158328706530892
GameObject:
  m_ObjectHideFlags: 1
  m_PrefabParentObject: {fileID: 0}
  m_PrefabInternal: {fileID: 100100000}
  serializedVersion: 5
  m_Component:
  - component: {fileID: 4683294667947094}
  m_Layer: 0
  m_Name: HandIK.L_end
  m_TagString: Untagged
  m_Icon: {fileID: 0}
  m_NavMeshLayer: 0
  m_StaticEditorFlags: 0
  m_IsActive: 1
--- !u!1 &1175453691805060
GameObject:
  m_ObjectHideFlags: 1
  m_PrefabParentObject: {fileID: 0}
  m_PrefabInternal: {fileID: 100100000}
  serializedVersion: 5
  m_Component:
  - component: {fileID: 4501000418170228}
  m_Layer: 0
  m_Name: Foot.R
  m_TagString: Untagged
  m_Icon: {fileID: 0}
  m_NavMeshLayer: 0
  m_StaticEditorFlags: 0
  m_IsActive: 1
--- !u!1 &1176204279877624
GameObject:
  m_ObjectHideFlags: 1
  m_PrefabParentObject: {fileID: 0}
  m_PrefabInternal: {fileID: 100100000}
  serializedVersion: 5
  m_Component:
  - component: {fileID: 4424175138651060}
  m_Layer: 0
  m_Name: KneePole.R
  m_TagString: Untagged
  m_Icon: {fileID: 0}
  m_NavMeshLayer: 0
  m_StaticEditorFlags: 0
  m_IsActive: 1
--- !u!1 &1191160656300880
GameObject:
  m_ObjectHideFlags: 1
  m_PrefabParentObject: {fileID: 0}
  m_PrefabInternal: {fileID: 100100000}
  serializedVersion: 5
  m_Component:
  - component: {fileID: 4408358943130220}
  m_Layer: 0
  m_Name: Hips
  m_TagString: Untagged
  m_Icon: {fileID: 0}
  m_NavMeshLayer: 0
  m_StaticEditorFlags: 0
  m_IsActive: 1
--- !u!1 &1197596916453100
GameObject:
  m_ObjectHideFlags: 1
  m_PrefabParentObject: {fileID: 0}
  m_PrefabInternal: {fileID: 100100000}
  serializedVersion: 5
  m_Component:
  - component: {fileID: 4727852596210842}
  m_Layer: 0
  m_Name: FootIK.R
  m_TagString: Untagged
  m_Icon: {fileID: 0}
  m_NavMeshLayer: 0
  m_StaticEditorFlags: 0
  m_IsActive: 1
--- !u!1 &1204823922488536
GameObject:
  m_ObjectHideFlags: 1
  m_PrefabParentObject: {fileID: 0}
  m_PrefabInternal: {fileID: 100100000}
  serializedVersion: 5
  m_Component:
  - component: {fileID: 4983295896720572}
  m_Layer: 0
  m_Name: ElbowPole.R_end
  m_TagString: Untagged
  m_Icon: {fileID: 0}
  m_NavMeshLayer: 0
  m_StaticEditorFlags: 0
  m_IsActive: 1
--- !u!1 &1208482849803004
GameObject:
  m_ObjectHideFlags: 1
  m_PrefabParentObject: {fileID: 0}
  m_PrefabInternal: {fileID: 100100000}
  serializedVersion: 5
  m_Component:
  - component: {fileID: 4834340017087834}
  m_Layer: 0
  m_Name: HandIK.L
  m_TagString: Untagged
  m_Icon: {fileID: 0}
  m_NavMeshLayer: 0
  m_StaticEditorFlags: 0
  m_IsActive: 1
--- !u!1 &1210217416405318
GameObject:
  m_ObjectHideFlags: 1
  m_PrefabParentObject: {fileID: 0}
  m_PrefabInternal: {fileID: 100100000}
  serializedVersion: 5
  m_Component:
  - component: {fileID: 4694905808191580}
  m_Layer: 0
  m_Name: Neck
  m_TagString: Untagged
  m_Icon: {fileID: 0}
  m_NavMeshLayer: 0
  m_StaticEditorFlags: 0
  m_IsActive: 1
--- !u!1 &1215914954436730
GameObject:
  m_ObjectHideFlags: 1
  m_PrefabParentObject: {fileID: 0}
  m_PrefabInternal: {fileID: 100100000}
  serializedVersion: 5
  m_Component:
  - component: {fileID: 4453397666403218}
  m_Layer: 0
  m_Name: KneePole.L
  m_TagString: Untagged
  m_Icon: {fileID: 0}
  m_NavMeshLayer: 0
  m_StaticEditorFlags: 0
  m_IsActive: 1
--- !u!1 &1255277863357236
GameObject:
  m_ObjectHideFlags: 1
  m_PrefabParentObject: {fileID: 0}
  m_PrefabInternal: {fileID: 100100000}
  serializedVersion: 5
  m_Component:
  - component: {fileID: 4188960249739118}
  m_Layer: 0
  m_Name: Sword_Socket_Back
  m_TagString: Untagged
  m_Icon: {fileID: 0}
  m_NavMeshLayer: 0
  m_StaticEditorFlags: 0
  m_IsActive: 1
--- !u!1 &1280250403488036
GameObject:
  m_ObjectHideFlags: 1
  m_PrefabParentObject: {fileID: 0}
  m_PrefabInternal: {fileID: 100100000}
  serializedVersion: 5
  m_Component:
  - component: {fileID: 4878296788947644}
  m_Layer: 0
  m_Name: Shoulder.R
  m_TagString: Untagged
  m_Icon: {fileID: 0}
  m_NavMeshLayer: 0
  m_StaticEditorFlags: 0
  m_IsActive: 1
--- !u!1 &1299552895463790
GameObject:
  m_ObjectHideFlags: 1
  m_PrefabParentObject: {fileID: 0}
  m_PrefabInternal: {fileID: 100100000}
  serializedVersion: 5
  m_Component:
  - component: {fileID: 4237165238434926}
  m_Layer: 0
  m_Name: Foot.L_end
  m_TagString: Untagged
  m_Icon: {fileID: 0}
  m_NavMeshLayer: 0
  m_StaticEditorFlags: 0
  m_IsActive: 1
--- !u!1 &1301913651020312
GameObject:
  m_ObjectHideFlags: 0
  m_PrefabParentObject: {fileID: 0}
  m_PrefabInternal: {fileID: 100100000}
  serializedVersion: 5
  m_Component:
  - component: {fileID: 4366256030779920}
  - component: {fileID: 137814052396617356}
  m_Layer: 0
  m_Name: CW_Shoulder_L
  m_TagString: Untagged
  m_Icon: {fileID: 0}
  m_NavMeshLayer: 0
  m_StaticEditorFlags: 0
  m_IsActive: 1
--- !u!1 &1330344441282714
GameObject:
  m_ObjectHideFlags: 1
  m_PrefabParentObject: {fileID: 0}
  m_PrefabInternal: {fileID: 100100000}
  serializedVersion: 5
  m_Component:
  - component: {fileID: 4951671441251090}
  m_Layer: 0
  m_Name: KneePole.R_end
  m_TagString: Untagged
  m_Icon: {fileID: 0}
  m_NavMeshLayer: 0
  m_StaticEditorFlags: 0
  m_IsActive: 1
--- !u!1 &1359256793747036
GameObject:
  m_ObjectHideFlags: 1
  m_PrefabParentObject: {fileID: 0}
  m_PrefabInternal: {fileID: 100100000}
  serializedVersion: 5
  m_Component:
  - component: {fileID: 4246228319724098}
  m_Layer: 0
  m_Name: UpperArm.L
  m_TagString: Untagged
  m_Icon: {fileID: 0}
  m_NavMeshLayer: 0
  m_StaticEditorFlags: 0
  m_IsActive: 1
--- !u!1 &1364159955844640
GameObject:
  m_ObjectHideFlags: 1
  m_PrefabParentObject: {fileID: 0}
  m_PrefabInternal: {fileID: 100100000}
  serializedVersion: 5
  m_Component:
  - component: {fileID: 4234097176489816}
  m_Layer: 0
  m_Name: UpperLeg.R
  m_TagString: Untagged
  m_Icon: {fileID: 0}
  m_NavMeshLayer: 0
  m_StaticEditorFlags: 0
  m_IsActive: 1
--- !u!1 &1377310540082216
GameObject:
  m_ObjectHideFlags: 1
  m_PrefabParentObject: {fileID: 0}
  m_PrefabInternal: {fileID: 100100000}
  serializedVersion: 5
  m_Component:
  - component: {fileID: 4396868944297528}
  m_Layer: 0
  m_Name: HandIK.R
  m_TagString: Untagged
  m_Icon: {fileID: 0}
  m_NavMeshLayer: 0
  m_StaticEditorFlags: 0
  m_IsActive: 1
--- !u!1 &1399054722355096
GameObject:
  m_ObjectHideFlags: 1
  m_PrefabParentObject: {fileID: 0}
  m_PrefabInternal: {fileID: 100100000}
  serializedVersion: 5
  m_Component:
  - component: {fileID: 4565411716195270}
  m_Layer: 0
  m_Name: ElbowPole.L
  m_TagString: Untagged
  m_Icon: {fileID: 0}
  m_NavMeshLayer: 0
  m_StaticEditorFlags: 0
  m_IsActive: 1
--- !u!1 &1415024953597018
GameObject:
  m_ObjectHideFlags: 1
  m_PrefabParentObject: {fileID: 0}
  m_PrefabInternal: {fileID: 100100000}
  serializedVersion: 5
  m_Component:
  - component: {fileID: 4423015372804572}
  m_Layer: 0
  m_Name: Foot.L
  m_TagString: Untagged
  m_Icon: {fileID: 0}
  m_NavMeshLayer: 0
  m_StaticEditorFlags: 0
  m_IsActive: 1
--- !u!1 &1423714348241354
GameObject:
  m_ObjectHideFlags: 1
  m_PrefabParentObject: {fileID: 0}
  m_PrefabInternal: {fileID: 100100000}
  serializedVersion: 5
  m_Component:
  - component: {fileID: 4463660940281854}
  m_Layer: 0
  m_Name: Shoulder.L
  m_TagString: Untagged
  m_Icon: {fileID: 0}
  m_NavMeshLayer: 0
  m_StaticEditorFlags: 0
  m_IsActive: 1
--- !u!1 &1430352767428246
GameObject:
  m_ObjectHideFlags: 1
  m_PrefabParentObject: {fileID: 0}
  m_PrefabInternal: {fileID: 100100000}
  serializedVersion: 5
  m_Component:
  - component: {fileID: 4441244146987754}
  m_Layer: 0
  m_Name: Hand.L_end
  m_TagString: Untagged
  m_Icon: {fileID: 0}
  m_NavMeshLayer: 0
  m_StaticEditorFlags: 0
  m_IsActive: 1
--- !u!1 &1435351677005296
GameObject:
  m_ObjectHideFlags: 1
  m_PrefabParentObject: {fileID: 0}
  m_PrefabInternal: {fileID: 100100000}
  serializedVersion: 5
  m_Component:
  - component: {fileID: 4800456401653350}
  m_Layer: 0
  m_Name: Spine.02
  m_TagString: Untagged
  m_Icon: {fileID: 0}
  m_NavMeshLayer: 0
  m_StaticEditorFlags: 0
  m_IsActive: 1
--- !u!1 &1465006305700478
GameObject:
  m_ObjectHideFlags: 1
  m_PrefabParentObject: {fileID: 0}
  m_PrefabInternal: {fileID: 100100000}
  serializedVersion: 5
  m_Component:
  - component: {fileID: 4620805052405474}
  m_Layer: 0
  m_Name: Spine
  m_TagString: Untagged
  m_Icon: {fileID: 0}
  m_NavMeshLayer: 0
  m_StaticEditorFlags: 0
  m_IsActive: 1
--- !u!1 &1480964717490348
GameObject:
  m_ObjectHideFlags: 1
  m_PrefabParentObject: {fileID: 0}
  m_PrefabInternal: {fileID: 100100000}
  serializedVersion: 5
  m_Component:
  - component: {fileID: 4710081695061554}
  m_Layer: 0
  m_Name: HandIK.R_end
  m_TagString: Untagged
  m_Icon: {fileID: 0}
  m_NavMeshLayer: 0
  m_StaticEditorFlags: 0
  m_IsActive: 1
--- !u!1 &1481769275499084
GameObject:
  m_ObjectHideFlags: 1
  m_PrefabParentObject: {fileID: 0}
  m_PrefabInternal: {fileID: 100100000}
  serializedVersion: 5
  m_Component:
  - component: {fileID: 4890255179285840}
  m_Layer: 0
  m_Name: FootIK.L_end
  m_TagString: Untagged
  m_Icon: {fileID: 0}
  m_NavMeshLayer: 0
  m_StaticEditorFlags: 0
  m_IsActive: 1
--- !u!1 &1503531993737636
GameObject:
  m_ObjectHideFlags: 1
  m_PrefabParentObject: {fileID: 0}
  m_PrefabInternal: {fileID: 100100000}
  serializedVersion: 5
  m_Component:
  - component: {fileID: 4459330826515156}
  m_Layer: 0
  m_Name: Foot.R_end
  m_TagString: Untagged
  m_Icon: {fileID: 0}
  m_NavMeshLayer: 0
  m_StaticEditorFlags: 0
  m_IsActive: 1
--- !u!1 &1531048254120614
GameObject:
  m_ObjectHideFlags: 1
  m_PrefabParentObject: {fileID: 0}
  m_PrefabInternal: {fileID: 100100000}
  serializedVersion: 5
  m_Component:
  - component: {fileID: 4929247804614840}
  m_Layer: 0
  m_Name: Shield_Socket_Cover
  m_TagString: Untagged
  m_Icon: {fileID: 0}
  m_NavMeshLayer: 0
  m_StaticEditorFlags: 0
  m_IsActive: 1
--- !u!1 &1622139694251800
GameObject:
  m_ObjectHideFlags: 0
  m_PrefabParentObject: {fileID: 0}
  m_PrefabInternal: {fileID: 100100000}
  serializedVersion: 5
  m_Component:
  - component: {fileID: 4664432929132414}
  - component: {fileID: 95163130279886642}
  - component: {fileID: 205777670535060730}
  m_Layer: 0
  m_Name: Cubits_Warrior_Prefab
  m_TagString: Untagged
  m_Icon: {fileID: 0}
  m_NavMeshLayer: 0
  m_StaticEditorFlags: 0
  m_IsActive: 1
--- !u!1 &1627247914282010
GameObject:
  m_ObjectHideFlags: 1
  m_PrefabParentObject: {fileID: 0}
  m_PrefabInternal: {fileID: 100100000}
  serializedVersion: 5
  m_Component:
  - component: {fileID: 4843958262996478}
  m_Layer: 0
  m_Name: Hand.R
  m_TagString: Untagged
  m_Icon: {fileID: 0}
  m_NavMeshLayer: 0
  m_StaticEditorFlags: 0
  m_IsActive: 1
--- !u!1 &1640543894043558
GameObject:
  m_ObjectHideFlags: 1
  m_PrefabParentObject: {fileID: 0}
  m_PrefabInternal: {fileID: 100100000}
  serializedVersion: 5
  m_Component:
  - component: {fileID: 4347492903194980}
  m_Layer: 0
  m_Name: Hand.L
  m_TagString: Untagged
  m_Icon: {fileID: 0}
  m_NavMeshLayer: 0
  m_StaticEditorFlags: 0
  m_IsActive: 1
--- !u!1 &1676705417674574
GameObject:
  m_ObjectHideFlags: 1
  m_PrefabParentObject: {fileID: 0}
  m_PrefabInternal: {fileID: 100100000}
  serializedVersion: 5
  m_Component:
  - component: {fileID: 4847184941960742}
  m_Layer: 0
  m_Name: UpperLeg.L
  m_TagString: Untagged
  m_Icon: {fileID: 0}
  m_NavMeshLayer: 0
  m_StaticEditorFlags: 0
  m_IsActive: 1
--- !u!1 &1686396281094126
GameObject:
  m_ObjectHideFlags: 0
  m_PrefabParentObject: {fileID: 0}
  m_PrefabInternal: {fileID: 100100000}
  serializedVersion: 5
  m_Component:
  - component: {fileID: 4629318944883296}
  - component: {fileID: 137380398025099626}
  m_Layer: 0
  m_Name: CW_Boot_R
  m_TagString: Untagged
  m_Icon: {fileID: 0}
  m_NavMeshLayer: 0
  m_StaticEditorFlags: 0
  m_IsActive: 1
--- !u!1 &1702104446389950
GameObject:
  m_ObjectHideFlags: 0
  m_PrefabParentObject: {fileID: 0}
  m_PrefabInternal: {fileID: 100100000}
  serializedVersion: 5
  m_Component:
  - component: {fileID: 4600198688441654}
  m_Layer: 0
  m_Name: Low_Poly_Skeleton
  m_TagString: Untagged
  m_Icon: {fileID: 0}
  m_NavMeshLayer: 0
  m_StaticEditorFlags: 0
  m_IsActive: 1
--- !u!1 &1707258334783848
GameObject:
  m_ObjectHideFlags: 1
  m_PrefabParentObject: {fileID: 0}
  m_PrefabInternal: {fileID: 100100000}
  serializedVersion: 5
  m_Component:
  - component: {fileID: 4750027077744650}
  m_Layer: 0
  m_Name: Head
  m_TagString: Untagged
  m_Icon: {fileID: 0}
  m_NavMeshLayer: 0
  m_StaticEditorFlags: 0
  m_IsActive: 1
--- !u!1 &1708262825906906
GameObject:
  m_ObjectHideFlags: 1
  m_PrefabParentObject: {fileID: 0}
  m_PrefabInternal: {fileID: 100100000}
  serializedVersion: 5
  m_Component:
  - component: {fileID: 4330653158238680}
  m_Layer: 0
  m_Name: UpperArm.R
  m_TagString: Untagged
  m_Icon: {fileID: 0}
  m_NavMeshLayer: 0
  m_StaticEditorFlags: 0
  m_IsActive: 1
--- !u!1 &1717158162300340
GameObject:
  m_ObjectHideFlags: 1
  m_PrefabParentObject: {fileID: 0}
  m_PrefabInternal: {fileID: 100100000}
  serializedVersion: 5
  m_Component:
  - component: {fileID: 4658499840737426}
  m_Layer: 0
  m_Name: LowerArm.L
  m_TagString: Untagged
  m_Icon: {fileID: 0}
  m_NavMeshLayer: 0
  m_StaticEditorFlags: 0
  m_IsActive: 1
--- !u!1 &1719970021236638
GameObject:
  m_ObjectHideFlags: 0
  m_PrefabParentObject: {fileID: 0}
  m_PrefabInternal: {fileID: 100100000}
  serializedVersion: 5
  m_Component:
  - component: {fileID: 4868941678476698}
  - component: {fileID: 137471025872361228}
  m_Layer: 0
  m_Name: CW_Chest
  m_TagString: Untagged
  m_Icon: {fileID: 0}
  m_NavMeshLayer: 0
  m_StaticEditorFlags: 0
  m_IsActive: 1
--- !u!1 &1720511523626470
GameObject:
  m_ObjectHideFlags: 1
  m_PrefabParentObject: {fileID: 0}
  m_PrefabInternal: {fileID: 100100000}
  serializedVersion: 5
  m_Component:
  - component: {fileID: 4649180922125560}
  m_Layer: 0
  m_Name: ElbowPole.R
  m_TagString: Untagged
  m_Icon: {fileID: 0}
  m_NavMeshLayer: 0
  m_StaticEditorFlags: 0
  m_IsActive: 1
--- !u!1 &1730804009722410
GameObject:
  m_ObjectHideFlags: 1
  m_PrefabParentObject: {fileID: 0}
  m_PrefabInternal: {fileID: 100100000}
  serializedVersion: 5
  m_Component:
  - component: {fileID: 4218994311821052}
  m_Layer: 0
  m_Name: FootIK.R_end
  m_TagString: Untagged
  m_Icon: {fileID: 0}
  m_NavMeshLayer: 0
  m_StaticEditorFlags: 0
  m_IsActive: 1
--- !u!1 &1776720852107710
GameObject:
  m_ObjectHideFlags: 1
  m_PrefabParentObject: {fileID: 0}
  m_PrefabInternal: {fileID: 100100000}
  serializedVersion: 5
  m_Component:
  - component: {fileID: 4617219454806298}
  m_Layer: 0
  m_Name: RootBone
  m_TagString: Untagged
  m_Icon: {fileID: 0}
  m_NavMeshLayer: 0
  m_StaticEditorFlags: 0
  m_IsActive: 1
--- !u!1 &1781340121941508
GameObject:
  m_ObjectHideFlags: 1
  m_PrefabParentObject: {fileID: 0}
  m_PrefabInternal: {fileID: 100100000}
  serializedVersion: 5
  m_Component:
  - component: {fileID: 4306451113622314}
  m_Layer: 0
  m_Name: Sword_Socket_Hand
  m_TagString: Untagged
  m_Icon: {fileID: 0}
  m_NavMeshLayer: 0
  m_StaticEditorFlags: 0
  m_IsActive: 1
--- !u!1 &1782349419437312
GameObject:
  m_ObjectHideFlags: 1
  m_PrefabParentObject: {fileID: 0}
  m_PrefabInternal: {fileID: 100100000}
  serializedVersion: 5
  m_Component:
  - component: {fileID: 4500270977032766}
  m_Layer: 0
  m_Name: FootIK.L
  m_TagString: Untagged
  m_Icon: {fileID: 0}
  m_NavMeshLayer: 0
  m_StaticEditorFlags: 0
  m_IsActive: 1
--- !u!1 &1797923464553626
GameObject:
  m_ObjectHideFlags: 1
  m_PrefabParentObject: {fileID: 0}
  m_PrefabInternal: {fileID: 100100000}
  serializedVersion: 5
  m_Component:
  - component: {fileID: 4676371440235090}
  m_Layer: 0
  m_Name: Shield_Socket_Back
  m_TagString: Untagged
  m_Icon: {fileID: 0}
  m_NavMeshLayer: 0
  m_StaticEditorFlags: 0
  m_IsActive: 1
--- !u!1 &1842423042822358
GameObject:
  m_ObjectHideFlags: 1
  m_PrefabParentObject: {fileID: 0}
  m_PrefabInternal: {fileID: 100100000}
  serializedVersion: 5
  m_Component:
  - component: {fileID: 4794985539861846}
  m_Layer: 0
  m_Name: Shield_Socket_Hand
  m_TagString: Untagged
  m_Icon: {fileID: 0}
  m_NavMeshLayer: 0
  m_StaticEditorFlags: 0
  m_IsActive: 1
--- !u!1 &1872372128751782
GameObject:
  m_ObjectHideFlags: 0
  m_PrefabParentObject: {fileID: 0}
  m_PrefabInternal: {fileID: 100100000}
  serializedVersion: 5
  m_Component:
  - component: {fileID: 4533186055852628}
  - component: {fileID: 137953587838673854}
  m_Layer: 0
  m_Name: CW_Boot_L
  m_TagString: Untagged
  m_Icon: {fileID: 0}
  m_NavMeshLayer: 0
  m_StaticEditorFlags: 0
  m_IsActive: 1
--- !u!1 &1889478785868242
GameObject:
  m_ObjectHideFlags: 0
  m_PrefabParentObject: {fileID: 0}
  m_PrefabInternal: {fileID: 100100000}
  serializedVersion: 5
  m_Component:
  - component: {fileID: 4857036976141550}
  - component: {fileID: 137619633886930858}
  m_Layer: 0
  m_Name: CW_Shoulder_R
  m_TagString: Untagged
  m_Icon: {fileID: 0}
  m_NavMeshLayer: 0
  m_StaticEditorFlags: 0
  m_IsActive: 1
--- !u!1 &1901377623129380
GameObject:
  m_ObjectHideFlags: 0
  m_PrefabParentObject: {fileID: 0}
  m_PrefabInternal: {fileID: 100100000}
  serializedVersion: 5
  m_Component:
  - component: {fileID: 4264340057268280}
  - component: {fileID: 137350311412804482}
  m_Layer: 0
  m_Name: Body_LOD1
  m_TagString: Untagged
  m_Icon: {fileID: 0}
  m_NavMeshLayer: 0
  m_StaticEditorFlags: 0
  m_IsActive: 0
--- !u!1 &1916645411685566
GameObject:
  m_ObjectHideFlags: 1
  m_PrefabParentObject: {fileID: 0}
  m_PrefabInternal: {fileID: 100100000}
  serializedVersion: 5
  m_Component:
  - component: {fileID: 4343021217467914}
  m_Layer: 0
  m_Name: Head_end
  m_TagString: Untagged
  m_Icon: {fileID: 0}
  m_NavMeshLayer: 0
  m_StaticEditorFlags: 0
  m_IsActive: 1
--- !u!1 &1945220111492314
GameObject:
  m_ObjectHideFlags: 1
  m_PrefabParentObject: {fileID: 0}
  m_PrefabInternal: {fileID: 100100000}
  serializedVersion: 5
  m_Component:
  - component: {fileID: 4413869058044472}
  m_Layer: 0
  m_Name: LowerLeg.R
  m_TagString: Untagged
  m_Icon: {fileID: 0}
  m_NavMeshLayer: 0
  m_StaticEditorFlags: 0
  m_IsActive: 1
--- !u!1 &1945366945555910
GameObject:
  m_ObjectHideFlags: 1
  m_PrefabParentObject: {fileID: 0}
  m_PrefabInternal: {fileID: 100100000}
  serializedVersion: 5
  m_Component:
  - component: {fileID: 4596629815608714}
  m_Layer: 0
  m_Name: ElbowPole.L_end
  m_TagString: Untagged
  m_Icon: {fileID: 0}
  m_NavMeshLayer: 0
  m_StaticEditorFlags: 0
  m_IsActive: 1
--- !u!1 &1977262425759018
GameObject:
  m_ObjectHideFlags: 0
  m_PrefabParentObject: {fileID: 0}
  m_PrefabInternal: {fileID: 100100000}
  serializedVersion: 5
  m_Component:
  - component: {fileID: 4231918529726474}
  - component: {fileID: 137942372904082268}
  m_Layer: 0
  m_Name: CW_Gauntlet_L
  m_TagString: Untagged
  m_Icon: {fileID: 0}
  m_NavMeshLayer: 0
  m_StaticEditorFlags: 0
  m_IsActive: 1
--- !u!1 &1993916075202518
GameObject:
  m_ObjectHideFlags: 1
  m_PrefabParentObject: {fileID: 0}
  m_PrefabInternal: {fileID: 100100000}
  serializedVersion: 5
  m_Component:
  - component: {fileID: 4362065737120964}
  m_Layer: 0
  m_Name: LowerArm.R
  m_TagString: Untagged
  m_Icon: {fileID: 0}
  m_NavMeshLayer: 0
  m_StaticEditorFlags: 0
  m_IsActive: 1
--- !u!1 &1997444058121262
GameObject:
  m_ObjectHideFlags: 0
  m_PrefabParentObject: {fileID: 0}
  m_PrefabInternal: {fileID: 100100000}
  serializedVersion: 5
  m_Component:
  - component: {fileID: 4340394875897222}
  - component: {fileID: 137937144196337472}
  m_Layer: 0
  m_Name: CW_Gauntlet_R
  m_TagString: Untagged
  m_Icon: {fileID: 0}
  m_NavMeshLayer: 0
  m_StaticEditorFlags: 0
  m_IsActive: 1
--- !u!4 &4029160623255118
Transform:
  m_ObjectHideFlags: 1
  m_PrefabParentObject: {fileID: 0}
  m_PrefabInternal: {fileID: 100100000}
  m_GameObject: {fileID: 1127649782210998}
  m_LocalRotation: {x: 0, y: -0, z: -0, w: 1}
  m_LocalPosition: {x: -0, y: 0.0005291219, z: 0}
  m_LocalScale: {x: 1, y: 1, z: 1}
  m_Children: []
  m_Father: {fileID: 4843958262996478}
  m_RootOrder: 0
  m_LocalEulerAnglesHint: {x: 0, y: 0, z: 0}
--- !u!4 &4033596993311706
Transform:
  m_ObjectHideFlags: 1
  m_PrefabParentObject: {fileID: 0}
  m_PrefabInternal: {fileID: 100100000}
  m_GameObject: {fileID: 1000804554867720}
  m_LocalRotation: {x: 0, y: -0, z: -0, w: 1}
  m_LocalPosition: {x: -0, y: 0.00041755137, z: 0}
  m_LocalScale: {x: 1, y: 1, z: 1}
  m_Children: []
  m_Father: {fileID: 4453397666403218}
  m_RootOrder: 0
  m_LocalEulerAnglesHint: {x: 0, y: 0, z: 0}
--- !u!4 &4188960249739118
Transform:
  m_ObjectHideFlags: 1
  m_PrefabParentObject: {fileID: 0}
  m_PrefabInternal: {fileID: 100100000}
  m_GameObject: {fileID: 1255277863357236}
  m_LocalRotation: {x: 0.60118645, y: 0.20878674, z: 0.16666833, w: 0.7531299}
  m_LocalPosition: {x: -0.00182, y: 0.00261, z: -0.0032}
  m_LocalScale: {x: 1.0000015, y: 1.0000014, z: 1.0000017}
  m_Children: []
  m_Father: {fileID: 4620805052405474}
  m_RootOrder: 1
  m_LocalEulerAnglesHint: {x: -236.715, y: -110.25101, z: 246.186}
--- !u!4 &4218994311821052
Transform:
  m_ObjectHideFlags: 1
  m_PrefabParentObject: {fileID: 0}
  m_PrefabInternal: {fileID: 100100000}
  m_GameObject: {fileID: 1730804009722410}
  m_LocalRotation: {x: 0, y: -0, z: -0, w: 1}
  m_LocalPosition: {x: -0, y: 0.00065385323, z: 0}
  m_LocalScale: {x: 1, y: 1, z: 1}
  m_Children: []
  m_Father: {fileID: 4727852596210842}
  m_RootOrder: 0
  m_LocalEulerAnglesHint: {x: 0, y: 0, z: 0}
--- !u!4 &4231918529726474
Transform:
  m_ObjectHideFlags: 1
  m_PrefabParentObject: {fileID: 0}
  m_PrefabInternal: {fileID: 100100000}
  m_GameObject: {fileID: 1977262425759018}
  m_LocalRotation: {x: 0.000001809995, y: 0, z: -0, w: 1}
  m_LocalPosition: {x: -0, y: 0, z: 0}
  m_LocalScale: {x: 100, y: 100, z: 100}
  m_Children: []
  m_Father: {fileID: 4664432929132414}
  m_RootOrder: 3
  m_LocalEulerAnglesHint: {x: 0, y: 0, z: 0}
--- !u!4 &4234097176489816
Transform:
  m_ObjectHideFlags: 1
  m_PrefabParentObject: {fileID: 0}
  m_PrefabInternal: {fileID: 100100000}
  m_GameObject: {fileID: 1364159955844640}
  m_LocalRotation: {x: 0.9987024, y: -0.00000007093433, z: -0.0000001516699, w: 0.050926365}
  m_LocalPosition: {x: 0.0007704127, y: -0.00013092699, z: 0.000023060522}
  m_LocalScale: {x: 1, y: 1, z: 1.0000185}
  m_Children:
  - {fileID: 4413869058044472}
  m_Father: {fileID: 4408358943130220}
  m_RootOrder: 2
  m_LocalEulerAnglesHint: {x: 0, y: 0, z: 0}
--- !u!4 &4237165238434926
Transform:
  m_ObjectHideFlags: 1
  m_PrefabParentObject: {fileID: 0}
  m_PrefabInternal: {fileID: 100100000}
  m_GameObject: {fileID: 1299552895463790}
  m_LocalRotation: {x: 0, y: -0, z: -0, w: 1}
  m_LocalPosition: {x: -0, y: 0.00065385323, z: 0}
  m_LocalScale: {x: 1, y: 1, z: 1}
  m_Children: []
  m_Father: {fileID: 4423015372804572}
  m_RootOrder: 0
  m_LocalEulerAnglesHint: {x: 0, y: 0, z: 0}
--- !u!4 &4246228319724098
Transform:
  m_ObjectHideFlags: 1
  m_PrefabParentObject: {fileID: 0}
  m_PrefabInternal: {fileID: 100100000}
  m_GameObject: {fileID: 1359256793747036}
  m_LocalRotation: {x: 0.039912306, y: -0.70283556, z: 0.18036518, w: 0.6869481}
  m_LocalPosition: {x: -0.00040780625, y: 0.001747852, z: 7.5342205e-10}
  m_LocalScale: {x: 1.0000001, y: 1.0000001, z: 1.0000001}
  m_Children:
  - {fileID: 4658499840737426}
  m_Father: {fileID: 4463660940281854}
  m_RootOrder: 0
  m_LocalEulerAnglesHint: {x: 0, y: 0, z: 0}
--- !u!4 &4264340057268280
Transform:
  m_ObjectHideFlags: 1
  m_PrefabParentObject: {fileID: 0}
  m_PrefabInternal: {fileID: 100100000}
  m_GameObject: {fileID: 1901377623129380}
  m_LocalRotation: {x: 0.000001809995, y: -0, z: -0, w: 1}
  m_LocalPosition: {x: 0, y: 0, z: 0}
  m_LocalScale: {x: 100, y: 100, z: 100}
  m_Children: []
  m_Father: {fileID: 4664432929132414}
  m_RootOrder: 10
  m_LocalEulerAnglesHint: {x: 0, y: 0, z: 0}
--- !u!4 &4275519797948536
Transform:
  m_ObjectHideFlags: 1
  m_PrefabParentObject: {fileID: 0}
  m_PrefabInternal: {fileID: 100100000}
  m_GameObject: {fileID: 1111587606006722}
  m_LocalRotation: {x: 0.000001809995, y: 0, z: -0, w: 1}
  m_LocalPosition: {x: -0, y: 0, z: 0}
  m_LocalScale: {x: 100, y: 100, z: 100}
  m_Children: []
  m_Father: {fileID: 4664432929132414}
  m_RootOrder: 5
  m_LocalEulerAnglesHint: {x: 0, y: 0, z: 0}
--- !u!4 &4306451113622314
Transform:
  m_ObjectHideFlags: 1
  m_PrefabParentObject: {fileID: 0}
  m_PrefabInternal: {fileID: 100100000}
  m_GameObject: {fileID: 1781340121941508}
  m_LocalRotation: {x: 0.99907196, y: -0.000000029802319, z: 0.00000026822087, w: -0.043074097}
  m_LocalPosition: {x: 0.00011453235, y: -0.0002496708, z: -0.000078029436}
  m_LocalScale: {x: 1, y: 1, z: 1}
  m_Children: []
  m_Father: {fileID: 4843958262996478}
  m_RootOrder: 1
  m_LocalEulerAnglesHint: {x: 0, y: 0, z: 0}
--- !u!4 &4330653158238680
Transform:
  m_ObjectHideFlags: 1
  m_PrefabParentObject: {fileID: 0}
  m_PrefabInternal: {fileID: 100100000}
  m_GameObject: {fileID: 1708262825906906}
  m_LocalRotation: {x: -0.18036413, y: -0.6869482, z: -0.039913826, w: 0.70283556}
  m_LocalPosition: {x: 0.0004078062, y: 0.0017478517, z: 4.24606e-10}
  m_LocalScale: {x: 1.0000002, y: 1.0000004, z: 1}
  m_Children:
  - {fileID: 4362065737120964}
  m_Father: {fileID: 4878296788947644}
  m_RootOrder: 0
  m_LocalEulerAnglesHint: {x: 0, y: 0, z: 0}
--- !u!4 &4340394875897222
Transform:
  m_ObjectHideFlags: 1
  m_PrefabParentObject: {fileID: 0}
  m_PrefabInternal: {fileID: 100100000}
  m_GameObject: {fileID: 1997444058121262}
  m_LocalRotation: {x: 0.000001809995, y: 0, z: -0, w: 1}
  m_LocalPosition: {x: -0, y: 0, z: 0}
  m_LocalScale: {x: 100, y: 100, z: 100}
  m_Children: []
  m_Father: {fileID: 4664432929132414}
  m_RootOrder: 4
  m_LocalEulerAnglesHint: {x: 0, y: 0, z: 0}
--- !u!4 &4343021217467914
Transform:
  m_ObjectHideFlags: 1
  m_PrefabParentObject: {fileID: 0}
  m_PrefabInternal: {fileID: 100100000}
  m_GameObject: {fileID: 1916645411685566}
  m_LocalRotation: {x: 0, y: -0, z: -0, w: 1}
  m_LocalPosition: {x: -0, y: 0.003296466, z: 0}
  m_LocalScale: {x: 1, y: 1, z: 1}
  m_Children: []
  m_Father: {fileID: 4750027077744650}
  m_RootOrder: 0
  m_LocalEulerAnglesHint: {x: 0, y: 0, z: 0}
--- !u!4 &4347492903194980
Transform:
  m_ObjectHideFlags: 1
  m_PrefabParentObject: {fileID: 0}
  m_PrefabInternal: {fileID: 100100000}
  m_GameObject: {fileID: 1640543894043558}
  m_LocalRotation: {x: 0.5435376, y: -0.45716053, z: -0.44600192, w: 0.544659}
  m_LocalPosition: {x: -3.6670826e-11, y: 0.0010378129, z: -2.9649527e-12}
  m_LocalScale: {x: 0.99999976, y: 1, z: 0.9999999}
  m_Children:
  - {fileID: 4441244146987754}
  - {fileID: 4794985539861846}
  m_Father: {fileID: 4658499840737426}
  m_RootOrder: 0
  m_LocalEulerAnglesHint: {x: 0, y: 0, z: 0}
--- !u!4 &4362065737120964
Transform:
  m_ObjectHideFlags: 1
  m_PrefabParentObject: {fileID: 0}
  m_PrefabInternal: {fileID: 100100000}
  m_GameObject: {fileID: 1993916075202518}
  m_LocalRotation: {x: 0.00000025800784, y: -0.0000012409051, z: -0.19150746, w: 0.9814912}
  m_LocalPosition: {x: -9.3132255e-12, y: 0.0009152345, z: -8.4837665e-11}
  m_LocalScale: {x: 0.99999994, y: 1.0000001, z: 1.0000001}
  m_Children:
  - {fileID: 4843958262996478}
  m_Father: {fileID: 4330653158238680}
  m_RootOrder: 0
  m_LocalEulerAnglesHint: {x: 0, y: 0, z: 0}
--- !u!4 &4366256030779920
Transform:
  m_ObjectHideFlags: 1
  m_PrefabParentObject: {fileID: 0}
  m_PrefabInternal: {fileID: 100100000}
  m_GameObject: {fileID: 1301913651020312}
  m_LocalRotation: {x: 0.000001809995, y: 0, z: -0, w: 1}
  m_LocalPosition: {x: -0, y: 0, z: 0}
  m_LocalScale: {x: 100, y: 100, z: 100}
  m_Children: []
  m_Father: {fileID: 4664432929132414}
  m_RootOrder: 6
  m_LocalEulerAnglesHint: {x: 0, y: 0, z: 0}
--- !u!4 &4396868944297528
Transform:
  m_ObjectHideFlags: 1
  m_PrefabParentObject: {fileID: 0}
  m_PrefabInternal: {fileID: 100100000}
  m_GameObject: {fileID: 1377310540082216}
  m_LocalRotation: {x: 1, y: -1.4476065e-19, z: 0.0000000754979, w: -6.123234e-17}
  m_LocalPosition: {x: 0.004041034, y: 0.0041677007, z: 0.000009410501}
  m_LocalScale: {x: 1, y: 1, z: 1}
  m_Children:
  - {fileID: 4710081695061554}
  m_Father: {fileID: 4617219454806298}
  m_RootOrder: 5
  m_LocalEulerAnglesHint: {x: 0, y: 0, z: 0}
--- !u!4 &4408358943130220
Transform:
  m_ObjectHideFlags: 1
  m_PrefabParentObject: {fileID: 0}
  m_PrefabInternal: {fileID: 100100000}
  m_GameObject: {fileID: 1191160656300880}
  m_LocalRotation: {x: 0, y: -0.00000011920928, z: -0, w: 1}
  m_LocalPosition: {x: -0, y: 0.0022310305, z: 2.2737367e-15}
  m_LocalScale: {x: 1, y: 1, z: 1}
  m_Children:
  - {fileID: 4620805052405474}
  - {fileID: 4847184941960742}
  - {fileID: 4234097176489816}
  - {fileID: 4929247804614840}
  m_Father: {fileID: 4617219454806298}
  m_RootOrder: 6
  m_LocalEulerAnglesHint: {x: 0, y: 0, z: 0}
--- !u!4 &4413869058044472
Transform:
  m_ObjectHideFlags: 1
  m_PrefabParentObject: {fileID: 0}
  m_PrefabInternal: {fileID: 100100000}
  m_GameObject: {fileID: 1945220111492314}
  m_LocalRotation: {x: 0.10534789, y: 0.0000003643885, z: -0.0000001281832, w: 0.9944354}
  m_LocalPosition: {x: 3.9970294e-11, y: 0.0009823462, z: -3.386047e-13}
  m_LocalScale: {x: 1, y: 0.9999999, z: 0.9999985}
  m_Children:
  - {fileID: 4501000418170228}
  m_Father: {fileID: 4234097176489816}
  m_RootOrder: 0
  m_LocalEulerAnglesHint: {x: 0, y: 0, z: 0}
--- !u!4 &4423015372804572
Transform:
  m_ObjectHideFlags: 1
  m_PrefabParentObject: {fileID: 0}
  m_PrefabInternal: {fileID: 100100000}
  m_GameObject: {fileID: 1415024953597018}
  m_LocalRotation: {x: 0.00000040308063, y: 0.7601566, z: -0.6497399, w: -0.00000051970295}
  m_LocalPosition: {x: -6.329072e-11, y: 0.0008661831, z: -7.472423e-12}
  m_LocalScale: {x: 1, y: 1, z: 1}
  m_Children:
  - {fileID: 4237165238434926}
  m_Father: {fileID: 4888224559660404}
  m_RootOrder: 0
  m_LocalEulerAnglesHint: {x: 0, y: 0, z: 0}
--- !u!4 &4424175138651060
Transform:
  m_ObjectHideFlags: 1
  m_PrefabParentObject: {fileID: 0}
  m_PrefabInternal: {fileID: 100100000}
  m_GameObject: {fileID: 1176204279877624}
  m_LocalRotation: {x: 0.000000094156974, y: 0.7071068, z: 0.7071067, w: 0.00000009415695}
  m_LocalPosition: {x: 0.0007704129, y: 0.0011228531, z: 0.0021212338}
  m_LocalScale: {x: 1, y: 1, z: 1}
  m_Children:
  - {fileID: 4951671441251090}
  m_Father: {fileID: 4617219454806298}
  m_RootOrder: 8
  m_LocalEulerAnglesHint: {x: 0, y: 0, z: 0}
--- !u!4 &4441244146987754
Transform:
  m_ObjectHideFlags: 1
  m_PrefabParentObject: {fileID: 0}
  m_PrefabInternal: {fileID: 100100000}
  m_GameObject: {fileID: 1430352767428246}
  m_LocalRotation: {x: 0, y: -0, z: -0, w: 1}
  m_LocalPosition: {x: -0, y: 0.0005291217, z: 0}
  m_LocalScale: {x: 1, y: 1, z: 1}
  m_Children: []
  m_Father: {fileID: 4347492903194980}
  m_RootOrder: 0
  m_LocalEulerAnglesHint: {x: 0, y: 0, z: 0}
--- !u!4 &4453397666403218
Transform:
  m_ObjectHideFlags: 1
  m_PrefabParentObject: {fileID: 0}
  m_PrefabInternal: {fileID: 100100000}
  m_GameObject: {fileID: 1215914954436730}
  m_LocalRotation: {x: 0.000000094156974, y: 0.7071068, z: 0.7071067, w: 0.00000009415695}
  m_LocalPosition: {x: -0.0007704129, y: 0.0011228531, z: 0.0021212338}
  m_LocalScale: {x: 1, y: 1, z: 1}
  m_Children:
  - {fileID: 4033596993311706}
  m_Father: {fileID: 4617219454806298}
  m_RootOrder: 7
  m_LocalEulerAnglesHint: {x: 0, y: 0, z: 0}
--- !u!4 &4459330826515156
Transform:
  m_ObjectHideFlags: 1
  m_PrefabParentObject: {fileID: 0}
  m_PrefabInternal: {fileID: 100100000}
  m_GameObject: {fileID: 1503531993737636}
  m_LocalRotation: {x: 0, y: -0, z: -0, w: 1}
  m_LocalPosition: {x: -0, y: 0.00065385323, z: 0}
  m_LocalScale: {x: 1, y: 1, z: 1}
  m_Children: []
  m_Father: {fileID: 4501000418170228}
  m_RootOrder: 0
  m_LocalEulerAnglesHint: {x: 0, y: 0, z: 0}
--- !u!4 &4463660940281854
Transform:
  m_ObjectHideFlags: 1
  m_PrefabParentObject: {fileID: 0}
  m_PrefabInternal: {fileID: 100100000}
  m_GameObject: {fileID: 1423714348241354}
  m_LocalRotation: {x: 0.0000001564502, y: -0.00000007961262, z: 0.59336317, w: 0.80493486}
  m_LocalPosition: {x: -0.0003339194, y: 0.00035605757, z: 1.2745201e-10}
  m_LocalScale: {x: 0.99999994, y: 0.99999994, z: 1}
  m_Children:
  - {fileID: 4246228319724098}
  m_Father: {fileID: 4800456401653350}
  m_RootOrder: 1
  m_LocalEulerAnglesHint: {x: 0, y: 0, z: 0}
--- !u!4 &4500270977032766
Transform:
  m_ObjectHideFlags: 1
  m_PrefabParentObject: {fileID: 0}
  m_PrefabInternal: {fileID: 100100000}
  m_GameObject: {fileID: 1782349419437312}
  m_LocalRotation: {x: -0.0000005443256, y: 0.6072886, z: 0.79448134, w: -0.00000042194517}
  m_LocalPosition: {x: -0.0007704129, y: 0.00026182915, z: 0.000028595083}
  m_LocalScale: {x: 1, y: 0.99999964, z: 0.9999999}
  m_Children:
  - {fileID: 4890255179285840}
  m_Father: {fileID: 4617219454806298}
  m_RootOrder: 2
  m_LocalEulerAnglesHint: {x: 0, y: 0, z: 0}
--- !u!4 &4501000418170228
Transform:
  m_ObjectHideFlags: 1
  m_PrefabParentObject: {fileID: 0}
  m_PrefabInternal: {fileID: 100100000}
  m_GameObject: {fileID: 1175453691805060}
  m_LocalRotation: {x: 0.0000007090651, y: 0.7601594, z: -0.6497367, w: -0.00000043089324}
  m_LocalPosition: {x: 4.4498013e-11, y: 0.00086618244, z: -4.6441074e-13}
  m_LocalScale: {x: 1, y: 1.0000001, z: 0.99999994}
  m_Children:
  - {fileID: 4459330826515156}
  m_Father: {fileID: 4413869058044472}
  m_RootOrder: 0
  m_LocalEulerAnglesHint: {x: 0, y: 0, z: 0}
--- !u!4 &4533186055852628
Transform:
  m_ObjectHideFlags: 1
  m_PrefabParentObject: {fileID: 0}
  m_PrefabInternal: {fileID: 100100000}
  m_GameObject: {fileID: 1872372128751782}
  m_LocalRotation: {x: 0.000001809995, y: 0, z: -0, w: 1}
  m_LocalPosition: {x: -0, y: 0, z: 0}
  m_LocalScale: {x: 100, y: 100, z: 100}
  m_Children: []
  m_Father: {fileID: 4664432929132414}
  m_RootOrder: 0
  m_LocalEulerAnglesHint: {x: 0, y: 0, z: 0}
--- !u!4 &4565411716195270
Transform:
  m_ObjectHideFlags: 1
  m_PrefabParentObject: {fileID: 0}
  m_PrefabInternal: {fileID: 100100000}
  m_GameObject: {fileID: 1399054722355096}
  m_LocalRotation: {x: -0.7071075, y: 0, z: -0, w: 0.70710605}
  m_LocalPosition: {x: -0.0030086492, y: 0.0041597458, z: -0.0024217053}
  m_LocalScale: {x: 1, y: 0.99999994, z: 0.99999994}
  m_Children:
  - {fileID: 4596629815608714}
  m_Father: {fileID: 4617219454806298}
  m_RootOrder: 0
  m_LocalEulerAnglesHint: {x: 0, y: 0, z: 0}
--- !u!4 &4596629815608714
Transform:
  m_ObjectHideFlags: 1
  m_PrefabParentObject: {fileID: 0}
  m_PrefabInternal: {fileID: 100100000}
  m_GameObject: {fileID: 1945366945555910}
  m_LocalRotation: {x: 0, y: -0, z: -0, w: 1}
  m_LocalPosition: {x: -0, y: 0.00030684218, z: 0}
  m_LocalScale: {x: 1, y: 1, z: 1}
  m_Children: []
  m_Father: {fileID: 4565411716195270}
  m_RootOrder: 0
  m_LocalEulerAnglesHint: {x: 0, y: 0, z: 0}
--- !u!4 &4600198688441654
Transform:
  m_ObjectHideFlags: 1
  m_PrefabParentObject: {fileID: 0}
  m_PrefabInternal: {fileID: 100100000}
  m_GameObject: {fileID: 1702104446389950}
  m_LocalRotation: {x: 0.0000018099951, y: -0, z: -0, w: 1}
  m_LocalPosition: {x: -0, y: 0, z: 0}
  m_LocalScale: {x: 100, y: 100, z: 100}
  m_Children:
  - {fileID: 4617219454806298}
  m_Father: {fileID: 4664432929132414}
  m_RootOrder: 8
  m_LocalEulerAnglesHint: {x: 0, y: 0, z: 0}
--- !u!4 &4617219454806298
Transform:
  m_ObjectHideFlags: 1
  m_PrefabParentObject: {fileID: 0}
  m_PrefabInternal: {fileID: 100100000}
  m_GameObject: {fileID: 1776720852107710}
  m_LocalRotation: {x: -0.000007174414, y: 0, z: -0, w: 1}
  m_LocalPosition: {x: -0, y: 0, z: 0}
  m_LocalScale: {x: 1, y: 1, z: 1}
  m_Children:
  - {fileID: 4565411716195270}
  - {fileID: 4649180922125560}
  - {fileID: 4500270977032766}
  - {fileID: 4727852596210842}
  - {fileID: 4834340017087834}
  - {fileID: 4396868944297528}
  - {fileID: 4408358943130220}
  - {fileID: 4453397666403218}
  - {fileID: 4424175138651060}
  m_Father: {fileID: 4600198688441654}
  m_RootOrder: 0
  m_LocalEulerAnglesHint: {x: 0, y: 0, z: 0}
--- !u!4 &4620805052405474
Transform:
  m_ObjectHideFlags: 1
  m_PrefabParentObject: {fileID: 0}
  m_PrefabInternal: {fileID: 100100000}
  m_GameObject: {fileID: 1465006305700478}
  m_LocalRotation: {x: -1.364242e-12, y: -1.485225e-38, z: 1.7936888e-19, w: 1}
  m_LocalPosition: {x: 5.4210107e-22, y: 0.0007391077, z: 2.2737367e-15}
  m_LocalScale: {x: 1, y: 1, z: 1}
  m_Children:
  - {fileID: 4800456401653350}
  - {fileID: 4188960249739118}
  - {fileID: 4676371440235090}
  m_Father: {fileID: 4408358943130220}
  m_RootOrder: 0
  m_LocalEulerAnglesHint: {x: 0, y: 0, z: 0}
--- !u!4 &4629318944883296
Transform:
  m_ObjectHideFlags: 1
  m_PrefabParentObject: {fileID: 0}
  m_PrefabInternal: {fileID: 100100000}
  m_GameObject: {fileID: 1686396281094126}
  m_LocalRotation: {x: 0.000001809995, y: 0, z: -0, w: 1}
  m_LocalPosition: {x: -0, y: 0, z: 0}
  m_LocalScale: {x: 100, y: 100, z: 100}
  m_Children: []
  m_Father: {fileID: 4664432929132414}
  m_RootOrder: 1
  m_LocalEulerAnglesHint: {x: 0, y: 0, z: 0}
--- !u!4 &4649180922125560
Transform:
  m_ObjectHideFlags: 1
  m_PrefabParentObject: {fileID: 0}
  m_PrefabInternal: {fileID: 100100000}
  m_GameObject: {fileID: 1720511523626470}
  m_LocalRotation: {x: -0.7071075, y: 0, z: -0, w: 0.70710605}
  m_LocalPosition: {x: 0.0030086492, y: 0.0041597458, z: -0.0024217053}
  m_LocalScale: {x: 1, y: 0.99999994, z: 0.99999994}
  m_Children:
  - {fileID: 4983295896720572}
  m_Father: {fileID: 4617219454806298}
  m_RootOrder: 1
  m_LocalEulerAnglesHint: {x: 0, y: 0, z: 0}
--- !u!4 &4658499840737426
Transform:
  m_ObjectHideFlags: 1
  m_PrefabParentObject: {fileID: 0}
  m_PrefabInternal: {fileID: 100100000}
  m_GameObject: {fileID: 1717158162300340}
  m_LocalRotation: {x: 0.000000012305865, y: -0.00000020264645, z: -0.19151016, w: 0.9814906}
  m_LocalPosition: {x: -4.4237822e-11, y: 0.00091523473, z: 2.4912877e-10}
  m_LocalScale: {x: 1.0000001, y: 1, z: 0.99999994}
  m_Children:
  - {fileID: 4347492903194980}
  m_Father: {fileID: 4246228319724098}
  m_RootOrder: 0
  m_LocalEulerAnglesHint: {x: 0, y: 0, z: 0}
--- !u!4 &4664432929132414
Transform:
  m_ObjectHideFlags: 1
  m_PrefabParentObject: {fileID: 0}
  m_PrefabInternal: {fileID: 100100000}
  m_GameObject: {fileID: 1622139694251800}
  m_LocalRotation: {x: 0, y: 1, z: 0, w: 0}
  m_LocalPosition: {x: 0.23409212, y: -0.48457098, z: 0.5536432}
  m_LocalScale: {x: 1, y: 1, z: 1}
  m_Children:
  - {fileID: 4533186055852628}
  - {fileID: 4629318944883296}
  - {fileID: 4868941678476698}
  - {fileID: 4231918529726474}
  - {fileID: 4340394875897222}
  - {fileID: 4275519797948536}
  - {fileID: 4366256030779920}
  - {fileID: 4857036976141550}
  - {fileID: 4600198688441654}
  - {fileID: 4763989116858160}
  - {fileID: 4264340057268280}
  - {fileID: 4912826189763946}
  m_Father: {fileID: 0}
  m_RootOrder: 0
  m_LocalEulerAnglesHint: {x: 0, y: 180, z: 0}
--- !u!4 &4676371440235090
Transform:
  m_ObjectHideFlags: 1
  m_PrefabParentObject: {fileID: 0}
  m_PrefabInternal: {fileID: 100100000}
  m_GameObject: {fileID: 1797923464553626}
  m_LocalRotation: {x: -0.19138837, y: 0.7438511, z: 0.5937793, w: -0.2397546}
  m_LocalPosition: {x: -0.00008, y: -0.00011, z: -0.00214}
  m_LocalScale: {x: 1.0000015, y: 1.0000014, z: 1.0000017}
  m_Children: []
  m_Father: {fileID: 4620805052405474}
  m_RootOrder: 2
  m_LocalEulerAnglesHint: {x: -127.66499, y: 72.879, z: 111.263}
--- !u!4 &4683294667947094
Transform:
  m_ObjectHideFlags: 1
  m_PrefabParentObject: {fileID: 0}
  m_PrefabInternal: {fileID: 100100000}
  m_GameObject: {fileID: 1158328706530892}
  m_LocalRotation: {x: 0, y: -0, z: -0, w: 1}
  m_LocalPosition: {x: -0, y: 0.0005291217, z: 0}
  m_LocalScale: {x: 1, y: 1, z: 1}
  m_Children: []
  m_Father: {fileID: 4834340017087834}
  m_RootOrder: 0
  m_LocalEulerAnglesHint: {x: 0, y: 0, z: 0}
--- !u!4 &4694905808191580
Transform:
  m_ObjectHideFlags: 1
  m_PrefabParentObject: {fileID: 0}
  m_PrefabInternal: {fileID: 100100000}
  m_GameObject: {fileID: 1210217416405318}
  m_LocalRotation: {x: -4.547474e-12, y: 0.00000011920928, z: 5.4533397e-19, w: 1}
  m_LocalPosition: {x: 2.710508e-22, y: 0.0007391083, z: 0}
  m_LocalScale: {x: 1, y: 0.99999994, z: 1}
  m_Children:
  - {fileID: 4750027077744650}
  m_Father: {fileID: 4800456401653350}
  m_RootOrder: 0
  m_LocalEulerAnglesHint: {x: 0, y: 0, z: 0}
--- !u!4 &4710081695061554
Transform:
  m_ObjectHideFlags: 1
  m_PrefabParentObject: {fileID: 0}
  m_PrefabInternal: {fileID: 100100000}
  m_GameObject: {fileID: 1480964717490348}
  m_LocalRotation: {x: 0, y: -0, z: -0, w: 1}
  m_LocalPosition: {x: -0, y: 0.0005291219, z: 0}
  m_LocalScale: {x: 1, y: 1, z: 1}
  m_Children: []
  m_Father: {fileID: 4396868944297528}
  m_RootOrder: 0
  m_LocalEulerAnglesHint: {x: 0, y: 0, z: 0}
--- !u!4 &4727852596210842
Transform:
  m_ObjectHideFlags: 1
  m_PrefabParentObject: {fileID: 0}
  m_PrefabInternal: {fileID: 100100000}
  m_GameObject: {fileID: 1197596916453100}
  m_LocalRotation: {x: -0.0000007557601, y: 0.6072886, z: 0.79448134, w: -0.0000005955356}
  m_LocalPosition: {x: 0.0007704127, y: 0.00026182915, z: 0.000028595081}
  m_LocalScale: {x: 1, y: 0.99999964, z: 0.9999999}
  m_Children:
  - {fileID: 4218994311821052}
  m_Father: {fileID: 4617219454806298}
  m_RootOrder: 3
  m_LocalEulerAnglesHint: {x: 0, y: 0, z: 0}
--- !u!4 &4750027077744650
Transform:
  m_ObjectHideFlags: 1
  m_PrefabParentObject: {fileID: 0}
  m_PrefabInternal: {fileID: 100100000}
  m_GameObject: {fileID: 1707258334783848}
  m_LocalRotation: {x: 1.1368685e-12, y: 7.1054274e-15, z: 1.9662434e-25, w: 1}
  m_LocalPosition: {x: -8.077935e-29, y: 0.000502097, z: -5.4210107e-22}
  m_LocalScale: {x: 1, y: 1, z: 1}
  m_Children:
  - {fileID: 4343021217467914}
  m_Father: {fileID: 4694905808191580}
  m_RootOrder: 0
  m_LocalEulerAnglesHint: {x: 0, y: 0, z: 0}
--- !u!4 &4763989116858160
Transform:
  m_ObjectHideFlags: 1
  m_PrefabParentObject: {fileID: 0}
  m_PrefabInternal: {fileID: 100100000}
  m_GameObject: {fileID: 1156104690909720}
  m_LocalRotation: {x: 0.000001809995, y: -0, z: -0, w: 1}
  m_LocalPosition: {x: 0, y: 0, z: 0}
  m_LocalScale: {x: 100, y: 100, z: 100}
  m_Children: []
  m_Father: {fileID: 4664432929132414}
  m_RootOrder: 9
  m_LocalEulerAnglesHint: {x: 0, y: 0, z: 0}
--- !u!4 &4794985539861846
Transform:
  m_ObjectHideFlags: 1
  m_PrefabParentObject: {fileID: 0}
  m_PrefabInternal: {fileID: 100100000}
  m_GameObject: {fileID: 1842423042822358}
  m_LocalRotation: {x: 0, y: 0.7071068, z: 0, w: 0.7071068}
  m_LocalPosition: {x: 0.00023020705, y: -0.00043366037, z: 0.00007927171}
  m_LocalScale: {x: 1, y: 1, z: 1}
  m_Children: []
  m_Father: {fileID: 4347492903194980}
  m_RootOrder: 1
  m_LocalEulerAnglesHint: {x: 0, y: 90, z: 0}
--- !u!4 &4800456401653350
Transform:
  m_ObjectHideFlags: 1
  m_PrefabParentObject: {fileID: 0}
  m_PrefabInternal: {fileID: 100100000}
  m_GameObject: {fileID: 1435351677005296}
  m_LocalRotation: {x: 6.366463e-12, y: -7.1054274e-15, z: -1.3010427e-18, w: 1}
  m_LocalPosition: {x: 2.7105049e-22, y: 0.0007391077, z: 0}
  m_LocalScale: {x: 1, y: 1, z: 1}
  m_Children:
  - {fileID: 4694905808191580}
  - {fileID: 4463660940281854}
  - {fileID: 4878296788947644}
  m_Father: {fileID: 4620805052405474}
  m_RootOrder: 0
  m_LocalEulerAnglesHint: {x: 0, y: 0, z: 0}
--- !u!4 &4834340017087834
Transform:
  m_ObjectHideFlags: 1
  m_PrefabParentObject: {fileID: 0}
  m_PrefabInternal: {fileID: 100100000}
  m_GameObject: {fileID: 1208482849803004}
  m_LocalRotation: {x: 1, y: -1.4476063e-19, z: 0.0000000754979, w: -6.123234e-17}
  m_LocalPosition: {x: -0.004041034, y: 0.004167701, z: 0.000009409921}
  m_LocalScale: {x: 1, y: 1, z: 1}
  m_Children:
  - {fileID: 4683294667947094}
  m_Father: {fileID: 4617219454806298}
  m_RootOrder: 4
  m_LocalEulerAnglesHint: {x: 0, y: 0, z: 0}
--- !u!4 &4843958262996478
Transform:
  m_ObjectHideFlags: 1
  m_PrefabParentObject: {fileID: 0}
  m_PrefabInternal: {fileID: 100100000}
  m_GameObject: {fileID: 1627247914282010}
  m_LocalRotation: {x: 0.44600195, y: 0.5446576, z: -0.543538, w: -0.45716187}
  m_LocalPosition: {x: 5.5297277e-11, y: 0.001037813, z: -1.3769749e-11}
  m_LocalScale: {x: 0.99999964, y: 1.0000004, z: 1}
  m_Children:
  - {fileID: 4029160623255118}
  - {fileID: 4306451113622314}
  m_Father: {fileID: 4362065737120964}
  m_RootOrder: 0
  m_LocalEulerAnglesHint: {x: 0, y: 0, z: 0}
--- !u!4 &4847184941960742
Transform:
  m_ObjectHideFlags: 1
  m_PrefabParentObject: {fileID: 0}
  m_PrefabInternal: {fileID: 100100000}
  m_GameObject: {fileID: 1676705417674574}
  m_LocalRotation: {x: 0.9987023, y: -0.0000000125205615, z: -0.000000101487196, w: 0.050929155}
  m_LocalPosition: {x: -0.0007704129, y: -0.00013092684, z: 0.000023060888}
  m_LocalScale: {x: 1, y: 0.99999994, z: 0.9999951}
  m_Children:
  - {fileID: 4888224559660404}
  m_Father: {fileID: 4408358943130220}
  m_RootOrder: 1
  m_LocalEulerAnglesHint: {x: 0, y: 0, z: 0}
--- !u!4 &4857036976141550
Transform:
  m_ObjectHideFlags: 1
  m_PrefabParentObject: {fileID: 0}
  m_PrefabInternal: {fileID: 100100000}
  m_GameObject: {fileID: 1889478785868242}
  m_LocalRotation: {x: 0.000001809995, y: 0, z: -0, w: 1}
  m_LocalPosition: {x: -0, y: 0, z: 0}
  m_LocalScale: {x: 100, y: 100, z: 100}
  m_Children: []
  m_Father: {fileID: 4664432929132414}
  m_RootOrder: 7
  m_LocalEulerAnglesHint: {x: 0, y: 0, z: 0}
--- !u!4 &4868941678476698
Transform:
  m_ObjectHideFlags: 1
  m_PrefabParentObject: {fileID: 0}
  m_PrefabInternal: {fileID: 100100000}
  m_GameObject: {fileID: 1719970021236638}
  m_LocalRotation: {x: 0.000001809995, y: 0, z: -0, w: 1}
  m_LocalPosition: {x: -0, y: 0, z: 0}
  m_LocalScale: {x: 100, y: 100, z: 100}
  m_Children: []
  m_Father: {fileID: 4664432929132414}
  m_RootOrder: 2
  m_LocalEulerAnglesHint: {x: 0, y: 0, z: 0}
--- !u!4 &4878296788947644
Transform:
  m_ObjectHideFlags: 1
  m_PrefabParentObject: {fileID: 0}
  m_PrefabInternal: {fileID: 100100000}
  m_GameObject: {fileID: 1280250403488036}
  m_LocalRotation: {x: -0.00000022423394, y: -0.000000052986795, z: -0.59336317, w: 0.80493486}
  m_LocalPosition: {x: 0.0003339194, y: 0.00035605728, z: -3.177317e-11}
  m_LocalScale: {x: 0.99999994, y: 0.99999994, z: 1}
  m_Children:
  - {fileID: 4330653158238680}
  m_Father: {fileID: 4800456401653350}
  m_RootOrder: 2
  m_LocalEulerAnglesHint: {x: 0, y: 0, z: 0}
--- !u!4 &4888224559660404
Transform:
  m_ObjectHideFlags: 1
  m_PrefabParentObject: {fileID: 0}
  m_PrefabInternal: {fileID: 100100000}
  m_GameObject: {fileID: 1013996752149964}
  m_LocalRotation: {x: 0.10535498, y: -0.0000000012787945, z: -0.00000003717928, w: 0.99443465}
  m_LocalPosition: {x: 1.1389763e-10, y: 0.0009823465, z: 3.9621185e-11}
  m_LocalScale: {x: 1, y: 1, z: 1.0000004}
  m_Children:
  - {fileID: 4423015372804572}
  m_Father: {fileID: 4847184941960742}
  m_RootOrder: 0
  m_LocalEulerAnglesHint: {x: 0, y: 0, z: 0}
--- !u!4 &4890255179285840
Transform:
  m_ObjectHideFlags: 1
  m_PrefabParentObject: {fileID: 0}
  m_PrefabInternal: {fileID: 100100000}
  m_GameObject: {fileID: 1481769275499084}
  m_LocalRotation: {x: 0, y: -0, z: -0, w: 1}
  m_LocalPosition: {x: -0, y: 0.00065385323, z: 0}
  m_LocalScale: {x: 1, y: 1, z: 1}
  m_Children: []
  m_Father: {fileID: 4500270977032766}
  m_RootOrder: 0
  m_LocalEulerAnglesHint: {x: 0, y: 0, z: 0}
--- !u!4 &4912826189763946
Transform:
  m_ObjectHideFlags: 1
  m_PrefabParentObject: {fileID: 0}
  m_PrefabInternal: {fileID: 100100000}
  m_GameObject: {fileID: 1140845861755156}
  m_LocalRotation: {x: 0.000001809995, y: -0, z: -0, w: 1}
  m_LocalPosition: {x: 0, y: 0, z: 0}
  m_LocalScale: {x: 100, y: 100, z: 100}
  m_Children: []
  m_Father: {fileID: 4664432929132414}
  m_RootOrder: 11
  m_LocalEulerAnglesHint: {x: 0, y: 0, z: 0}
--- !u!4 &4929247804614840
Transform:
  m_ObjectHideFlags: 1
  m_PrefabParentObject: {fileID: 0}
  m_PrefabInternal: {fileID: 100100000}
  m_GameObject: {fileID: 1531048254120614}
  m_LocalRotation: {x: -0.65390015, y: -0.26909676, z: -0.26910257, w: 0.65390015}
  m_LocalPosition: {x: -0.00231, y: 0.00105, z: 0.00161}
  m_LocalScale: {x: 1, y: 1, z: 1}
  m_Children: []
  m_Father: {fileID: 4408358943130220}
  m_RootOrder: 3
  m_LocalEulerAnglesHint: {x: -90.00001, y: 0, z: -44.738003}
--- !u!4 &4951671441251090
Transform:
  m_ObjectHideFlags: 1
  m_PrefabParentObject: {fileID: 0}
  m_PrefabInternal: {fileID: 100100000}
  m_GameObject: {fileID: 1330344441282714}
  m_LocalRotation: {x: 0, y: -0, z: -0, w: 1}
  m_LocalPosition: {x: -0, y: 0.00041755137, z: 0}
  m_LocalScale: {x: 1, y: 1, z: 1}
  m_Children: []
  m_Father: {fileID: 4424175138651060}
  m_RootOrder: 0
  m_LocalEulerAnglesHint: {x: 0, y: 0, z: 0}
--- !u!4 &4983295896720572
Transform:
  m_ObjectHideFlags: 1
  m_PrefabParentObject: {fileID: 0}
  m_PrefabInternal: {fileID: 100100000}
  m_GameObject: {fileID: 1204823922488536}
  m_LocalRotation: {x: 0, y: -0, z: -0, w: 1}
  m_LocalPosition: {x: -0, y: 0.00030684218, z: 0}
  m_LocalScale: {x: 1, y: 1, z: 1}
  m_Children: []
  m_Father: {fileID: 4649180922125560}
  m_RootOrder: 0
  m_LocalEulerAnglesHint: {x: 0, y: 0, z: 0}
--- !u!95 &95163130279886642
Animator:
  serializedVersion: 3
  m_ObjectHideFlags: 1
  m_PrefabParentObject: {fileID: 0}
  m_PrefabInternal: {fileID: 100100000}
  m_GameObject: {fileID: 1622139694251800}
  m_Enabled: 1
  m_Avatar: {fileID: 9000000, guid: 90326744e89241f45a444576bdaa52e0, type: 3}
  m_Controller: {fileID: 9100000, guid: 803c5acbb54ed114ca2983cfe62da81f, type: 2}
  m_CullingMode: 1
  m_UpdateMode: 0
  m_ApplyRootMotion: 1
  m_LinearVelocityBlending: 0
  m_WarningMessage: 
  m_HasTransformHierarchy: 1
  m_AllowConstantClipSamplingOptimization: 1
--- !u!137 &137343520036530762
SkinnedMeshRenderer:
  m_ObjectHideFlags: 1
  m_PrefabParentObject: {fileID: 0}
  m_PrefabInternal: {fileID: 100100000}
  m_GameObject: {fileID: 1156104690909720}
  m_Enabled: 1
  m_CastShadows: 1
  m_ReceiveShadows: 1
  m_MotionVectors: 1
  m_LightProbeUsage: 1
  m_ReflectionProbeUsage: 1
  m_Materials:
  - {fileID: 375751416, guid: 4d19c66954abc964bb23cbb9793fd74c, type: 3}
  m_StaticBatchInfo:
    firstSubMesh: 0
    subMeshCount: 0
  m_StaticBatchRoot: {fileID: 0}
  m_ProbeAnchor: {fileID: 0}
  m_LightProbeVolumeOverride: {fileID: 0}
  m_ScaleInLightmap: 1
  m_PreserveUVs: 0
  m_IgnoreNormalsForChartDetection: 0
  m_ImportantGI: 0
  m_SelectedEditorRenderState: 3
  m_MinimumChartSize: 4
  m_AutoUVMaxDistance: 0.5
  m_AutoUVMaxAngle: 89
  m_LightmapParameters: {fileID: 0}
  m_SortingLayerID: 0
  m_SortingOrder: 0
  serializedVersion: 2
  m_Quality: 0
  m_UpdateWhenOffscreen: 0
  m_SkinnedMotionVectors: 1
  m_Mesh: {fileID: 4300000, guid: 8a6a948cfc1d5624491ef4f399cd791a, type: 3}
  m_Bones:
  - {fileID: 4617219454806298}
  - {fileID: 4408358943130220}
  - {fileID: 4620805052405474}
  - {fileID: 4800456401653350}
  - {fileID: 4463660940281854}
  - {fileID: 4246228319724098}
  - {fileID: 4658499840737426}
  - {fileID: 4347492903194980}
  - {fileID: 4694905808191580}
  - {fileID: 4750027077744650}
  - {fileID: 4878296788947644}
  - {fileID: 4330653158238680}
  - {fileID: 4362065737120964}
  - {fileID: 4843958262996478}
  - {fileID: 4847184941960742}
  - {fileID: 4888224559660404}
  - {fileID: 4423015372804572}
  - {fileID: 4234097176489816}
  - {fileID: 4413869058044472}
  - {fileID: 4501000418170228}
  - {fileID: 4834340017087834}
  - {fileID: 4500270977032766}
  - {fileID: 4453397666403218}
  - {fileID: 4396868944297528}
  - {fileID: 4727852596210842}
  - {fileID: 4424175138651060}
  - {fileID: 4565411716195270}
  - {fileID: 4649180922125560}
  m_BlendShapeWeights: []
  m_RootBone: {fileID: 4617219454806298}
  m_AABB:
    m_Center: {x: 2.3283064e-10, y: 0.006508218, z: 0.00000007613562}
    m_Extent: {x: 0.0044173235, y: 0.002452043, z: 0.003275231}
  m_DirtyAABB: 0
--- !u!137 &137350311412804482
SkinnedMeshRenderer:
  m_ObjectHideFlags: 1
  m_PrefabParentObject: {fileID: 0}
  m_PrefabInternal: {fileID: 100100000}
  m_GameObject: {fileID: 1901377623129380}
  m_Enabled: 1
  m_CastShadows: 1
  m_ReceiveShadows: 1
  m_MotionVectors: 1
  m_LightProbeUsage: 1
  m_ReflectionProbeUsage: 1
  m_Materials:
  - {fileID: 375751416, guid: 4d19c66954abc964bb23cbb9793fd74c, type: 3}
  m_StaticBatchInfo:
    firstSubMesh: 0
    subMeshCount: 0
  m_StaticBatchRoot: {fileID: 0}
  m_ProbeAnchor: {fileID: 0}
  m_LightProbeVolumeOverride: {fileID: 0}
  m_ScaleInLightmap: 1.2
  m_PreserveUVs: 0
  m_IgnoreNormalsForChartDetection: 0
  m_ImportantGI: 0
  m_SelectedEditorRenderState: 3
  m_MinimumChartSize: 4
  m_AutoUVMaxDistance: 0.5
  m_AutoUVMaxAngle: 89
  m_LightmapParameters: {fileID: 0}
  m_SortingLayerID: 0
  m_SortingOrder: 0
  serializedVersion: 2
  m_Quality: 0
  m_UpdateWhenOffscreen: 0
  m_SkinnedMotionVectors: 1
  m_Mesh: {fileID: 4300000, guid: 5cf89bb8112ddfe45aaa13e64dc7ed6b, type: 3}
  m_Bones:
  - {fileID: 4617219454806298}
  - {fileID: 4408358943130220}
  - {fileID: 4620805052405474}
  - {fileID: 4800456401653350}
  - {fileID: 4463660940281854}
  - {fileID: 4246228319724098}
  - {fileID: 4658499840737426}
  - {fileID: 4347492903194980}
  - {fileID: 4694905808191580}
  - {fileID: 4750027077744650}
  - {fileID: 4878296788947644}
  - {fileID: 4330653158238680}
  - {fileID: 4362065737120964}
  - {fileID: 4843958262996478}
  - {fileID: 4847184941960742}
  - {fileID: 4888224559660404}
  - {fileID: 4423015372804572}
  - {fileID: 4234097176489816}
  - {fileID: 4413869058044472}
  - {fileID: 4501000418170228}
  - {fileID: 4834340017087834}
  - {fileID: 4500270977032766}
  - {fileID: 4453397666403218}
  - {fileID: 4396868944297528}
  - {fileID: 4727852596210842}
  - {fileID: 4424175138651060}
  - {fileID: 4565411716195270}
  - {fileID: 4649180922125560}
  m_BlendShapeWeights: []
  m_RootBone: {fileID: 4617219454806298}
  m_AABB:
    m_Center: {x: 2.3283064e-10, y: 0.006508218, z: 0.00000007613562}
    m_Extent: {x: 0.0044173235, y: 0.002452043, z: 0.003275231}
  m_DirtyAABB: 0
--- !u!137 &137380398025099626
SkinnedMeshRenderer:
  m_ObjectHideFlags: 1
  m_PrefabParentObject: {fileID: 0}
  m_PrefabInternal: {fileID: 100100000}
  m_GameObject: {fileID: 1686396281094126}
  m_Enabled: 1
  m_CastShadows: 1
  m_ReceiveShadows: 1
  m_MotionVectors: 1
  m_LightProbeUsage: 1
  m_ReflectionProbeUsage: 1
  m_Materials:
  - {fileID: 2100000, guid: d174297c6296a164f8ad9e19e6a2d474, type: 2}
  m_StaticBatchInfo:
    firstSubMesh: 0
    subMeshCount: 0
  m_StaticBatchRoot: {fileID: 0}
  m_ProbeAnchor: {fileID: 0}
  m_LightProbeVolumeOverride: {fileID: 0}
  m_ScaleInLightmap: 1
  m_PreserveUVs: 0
  m_IgnoreNormalsForChartDetection: 0
  m_ImportantGI: 0
  m_SelectedEditorRenderState: 3
  m_MinimumChartSize: 4
  m_AutoUVMaxDistance: 0.5
  m_AutoUVMaxAngle: 89
  m_LightmapParameters: {fileID: 0}
  m_SortingLayerID: 0
  m_SortingOrder: 0
  serializedVersion: 2
  m_Quality: 0
  m_UpdateWhenOffscreen: 0
  m_SkinnedMotionVectors: 1
  m_Mesh: {fileID: 4300004, guid: 90326744e89241f45a444576bdaa52e0, type: 3}
  m_Bones:
  - {fileID: 4617219454806298}
  - {fileID: 4408358943130220}
  - {fileID: 4620805052405474}
  - {fileID: 4800456401653350}
  - {fileID: 4463660940281854}
  - {fileID: 4246228319724098}
  - {fileID: 4658499840737426}
  - {fileID: 4347492903194980}
  - {fileID: 4694905808191580}
  - {fileID: 4750027077744650}
  - {fileID: 4878296788947644}
  - {fileID: 4330653158238680}
  - {fileID: 4362065737120964}
  - {fileID: 4843958262996478}
  - {fileID: 4847184941960742}
  - {fileID: 4888224559660404}
  - {fileID: 4423015372804572}
  - {fileID: 4234097176489816}
  - {fileID: 4413869058044472}
  - {fileID: 4501000418170228}
  - {fileID: 4834340017087834}
  - {fileID: 4500270977032766}
  - {fileID: 4453397666403218}
  - {fileID: 4396868944297528}
  - {fileID: 4727852596210842}
  - {fileID: 4424175138651060}
  - {fileID: 4565411716195270}
  - {fileID: 4649180922125560}
  m_BlendShapeWeights: []
  m_RootBone: {fileID: 4617219454806298}
  m_AABB:
    m_Center: {x: 0.00076472526, y: 0.0004905058, z: 0.00014911123}
    m_Extent: {x: 0.0007444371, y: 0.0009881454, z: 0.00092836306}
  m_DirtyAABB: 0
--- !u!137 &137471025872361228
SkinnedMeshRenderer:
  m_ObjectHideFlags: 1
  m_PrefabParentObject: {fileID: 0}
  m_PrefabInternal: {fileID: 100100000}
  m_GameObject: {fileID: 1719970021236638}
  m_Enabled: 1
  m_CastShadows: 1
  m_ReceiveShadows: 1
  m_MotionVectors: 1
  m_LightProbeUsage: 1
  m_ReflectionProbeUsage: 1
  m_Materials:
  - {fileID: 2100000, guid: d174297c6296a164f8ad9e19e6a2d474, type: 2}
  m_StaticBatchInfo:
    firstSubMesh: 0
    subMeshCount: 0
  m_StaticBatchRoot: {fileID: 0}
  m_ProbeAnchor: {fileID: 0}
  m_LightProbeVolumeOverride: {fileID: 0}
  m_ScaleInLightmap: 1
  m_PreserveUVs: 0
  m_IgnoreNormalsForChartDetection: 0
  m_ImportantGI: 0
  m_SelectedEditorRenderState: 3
  m_MinimumChartSize: 4
  m_AutoUVMaxDistance: 0.5
  m_AutoUVMaxAngle: 89
  m_LightmapParameters: {fileID: 0}
  m_SortingLayerID: 0
  m_SortingOrder: 0
  serializedVersion: 2
  m_Quality: 0
  m_UpdateWhenOffscreen: 0
  m_SkinnedMotionVectors: 1
  m_Mesh: {fileID: 4300016, guid: 90326744e89241f45a444576bdaa52e0, type: 3}
  m_Bones:
  - {fileID: 4617219454806298}
  - {fileID: 4408358943130220}
  - {fileID: 4620805052405474}
  - {fileID: 4800456401653350}
  - {fileID: 4463660940281854}
  - {fileID: 4246228319724098}
  - {fileID: 4658499840737426}
  - {fileID: 4347492903194980}
  - {fileID: 4694905808191580}
  - {fileID: 4750027077744650}
  - {fileID: 4878296788947644}
  - {fileID: 4330653158238680}
  - {fileID: 4362065737120964}
  - {fileID: 4843958262996478}
  - {fileID: 4847184941960742}
  - {fileID: 4888224559660404}
  - {fileID: 4423015372804572}
  - {fileID: 4234097176489816}
  - {fileID: 4413869058044472}
  - {fileID: 4501000418170228}
  - {fileID: 4834340017087834}
  - {fileID: 4500270977032766}
  - {fileID: 4453397666403218}
  - {fileID: 4396868944297528}
  - {fileID: 4727852596210842}
  - {fileID: 4424175138651060}
  - {fileID: 4565411716195270}
  - {fileID: 4649180922125560}
  m_BlendShapeWeights: []
  m_RootBone: {fileID: 4617219454806298}
  m_AABB:
    m_Center: {x: -3.4924597e-10, y: 0.003033226, z: 0.000000023515895}
    m_Extent: {x: 0.0017973655, y: 0.0016559521, z: 0.0019222723}
  m_DirtyAABB: 0
--- !u!137 &137549539670189768
SkinnedMeshRenderer:
  m_ObjectHideFlags: 1
  m_PrefabParentObject: {fileID: 0}
  m_PrefabInternal: {fileID: 100100000}
  m_GameObject: {fileID: 1111587606006722}
  m_Enabled: 1
  m_CastShadows: 1
  m_ReceiveShadows: 1
  m_MotionVectors: 1
  m_LightProbeUsage: 1
  m_ReflectionProbeUsage: 1
  m_Materials:
  - {fileID: 2100000, guid: d174297c6296a164f8ad9e19e6a2d474, type: 2}
  m_StaticBatchInfo:
    firstSubMesh: 0
    subMeshCount: 0
  m_StaticBatchRoot: {fileID: 0}
  m_ProbeAnchor: {fileID: 0}
  m_LightProbeVolumeOverride: {fileID: 0}
  m_ScaleInLightmap: 1
  m_PreserveUVs: 0
  m_IgnoreNormalsForChartDetection: 0
  m_ImportantGI: 0
  m_SelectedEditorRenderState: 3
  m_MinimumChartSize: 4
  m_AutoUVMaxDistance: 0.5
  m_AutoUVMaxAngle: 89
  m_LightmapParameters: {fileID: 0}
  m_SortingLayerID: 0
  m_SortingOrder: 0
  serializedVersion: 2
  m_Quality: 0
  m_UpdateWhenOffscreen: 0
  m_SkinnedMotionVectors: 1
  m_Mesh: {fileID: 4300014, guid: 90326744e89241f45a444576bdaa52e0, type: 3}
  m_Bones:
  - {fileID: 4617219454806298}
  - {fileID: 4408358943130220}
  - {fileID: 4620805052405474}
  - {fileID: 4800456401653350}
  - {fileID: 4463660940281854}
  - {fileID: 4246228319724098}
  - {fileID: 4658499840737426}
  - {fileID: 4347492903194980}
  - {fileID: 4694905808191580}
  - {fileID: 4750027077744650}
  - {fileID: 4878296788947644}
  - {fileID: 4330653158238680}
  - {fileID: 4362065737120964}
  - {fileID: 4843958262996478}
  - {fileID: 4847184941960742}
  - {fileID: 4888224559660404}
  - {fileID: 4423015372804572}
  - {fileID: 4234097176489816}
  - {fileID: 4413869058044472}
  - {fileID: 4501000418170228}
  - {fileID: 4834340017087834}
  - {fileID: 4500270977032766}
  - {fileID: 4453397666403218}
  - {fileID: 4396868944297528}
  - {fileID: 4727852596210842}
  - {fileID: 4424175138651060}
  - {fileID: 4565411716195270}
  - {fileID: 4649180922125560}
  m_BlendShapeWeights: []
  m_RootBone: {fileID: 4617219454806298}
  m_AABB:
    m_Center: {x: 2.3283064e-10, y: 0.006508218, z: 0.00000007613562}
    m_Extent: {x: 0.0044173235, y: 0.002452043, z: 0.003275231}
  m_DirtyAABB: 0
--- !u!137 &137619633886930858
SkinnedMeshRenderer:
  m_ObjectHideFlags: 1
  m_PrefabParentObject: {fileID: 0}
  m_PrefabInternal: {fileID: 100100000}
  m_GameObject: {fileID: 1889478785868242}
  m_Enabled: 1
  m_CastShadows: 1
  m_ReceiveShadows: 1
  m_MotionVectors: 1
  m_LightProbeUsage: 1
  m_ReflectionProbeUsage: 1
  m_Materials:
  - {fileID: 2100000, guid: d174297c6296a164f8ad9e19e6a2d474, type: 2}
  m_StaticBatchInfo:
    firstSubMesh: 0
    subMeshCount: 0
  m_StaticBatchRoot: {fileID: 0}
  m_ProbeAnchor: {fileID: 0}
  m_LightProbeVolumeOverride: {fileID: 0}
  m_ScaleInLightmap: 1
  m_PreserveUVs: 0
  m_IgnoreNormalsForChartDetection: 0
  m_ImportantGI: 0
  m_SelectedEditorRenderState: 3
  m_MinimumChartSize: 4
  m_AutoUVMaxDistance: 0.5
  m_AutoUVMaxAngle: 89
  m_LightmapParameters: {fileID: 0}
  m_SortingLayerID: 0
  m_SortingOrder: 0
  serializedVersion: 2
  m_Quality: 0
  m_UpdateWhenOffscreen: 0
  m_SkinnedMotionVectors: 1
  m_Mesh: {fileID: 4300006, guid: 90326744e89241f45a444576bdaa52e0, type: 3}
  m_Bones:
  - {fileID: 4617219454806298}
  - {fileID: 4408358943130220}
  - {fileID: 4620805052405474}
  - {fileID: 4800456401653350}
  - {fileID: 4463660940281854}
  - {fileID: 4246228319724098}
  - {fileID: 4658499840737426}
  - {fileID: 4347492903194980}
  - {fileID: 4694905808191580}
  - {fileID: 4750027077744650}
  - {fileID: 4878296788947644}
  - {fileID: 4330653158238680}
  - {fileID: 4362065737120964}
  - {fileID: 4843958262996478}
  - {fileID: 4847184941960742}
  - {fileID: 4888224559660404}
  - {fileID: 4423015372804572}
  - {fileID: 4234097176489816}
  - {fileID: 4413869058044472}
  - {fileID: 4501000418170228}
  - {fileID: 4834340017087834}
  - {fileID: 4500270977032766}
  - {fileID: 4453397666403218}
  - {fileID: 4396868944297528}
  - {fileID: 4727852596210842}
  - {fileID: 4424175138651060}
  - {fileID: 4565411716195270}
  - {fileID: 4649180922125560}
  m_BlendShapeWeights: []
  m_RootBone: {fileID: 4617219454806298}
  m_AABB:
    m_Center: {x: 0.0022817173, y: 0.004460925, z: -0.00003568054}
    m_Extent: {x: 0.0009455676, y: 0.0008406243, z: 0.000887526}
  m_DirtyAABB: 0
--- !u!137 &137688703543271210
SkinnedMeshRenderer:
  m_ObjectHideFlags: 1
  m_PrefabParentObject: {fileID: 0}
  m_PrefabInternal: {fileID: 100100000}
  m_GameObject: {fileID: 1140845861755156}
  m_Enabled: 1
  m_CastShadows: 1
  m_ReceiveShadows: 1
  m_MotionVectors: 1
  m_LightProbeUsage: 1
  m_ReflectionProbeUsage: 1
  m_Materials:
  - {fileID: 375751416, guid: 4d19c66954abc964bb23cbb9793fd74c, type: 3}
  m_StaticBatchInfo:
    firstSubMesh: 0
    subMeshCount: 0
  m_StaticBatchRoot: {fileID: 0}
  m_ProbeAnchor: {fileID: 0}
  m_LightProbeVolumeOverride: {fileID: 0}
  m_ScaleInLightmap: 1.2
  m_PreserveUVs: 0
  m_IgnoreNormalsForChartDetection: 0
  m_ImportantGI: 0
  m_SelectedEditorRenderState: 3
  m_MinimumChartSize: 4
  m_AutoUVMaxDistance: 0.5
  m_AutoUVMaxAngle: 89
  m_LightmapParameters: {fileID: 0}
  m_SortingLayerID: 0
  m_SortingOrder: 0
  serializedVersion: 2
  m_Quality: 0
  m_UpdateWhenOffscreen: 0
  m_SkinnedMotionVectors: 1
  m_Mesh: {fileID: 4300000, guid: 035e8c177b030cf48955e6b52090cc34, type: 3}
  m_Bones:
  - {fileID: 4617219454806298}
  - {fileID: 4408358943130220}
  - {fileID: 4620805052405474}
  - {fileID: 4800456401653350}
  - {fileID: 4463660940281854}
  - {fileID: 4246228319724098}
  - {fileID: 4658499840737426}
  - {fileID: 4347492903194980}
  - {fileID: 4694905808191580}
  - {fileID: 4750027077744650}
  - {fileID: 4878296788947644}
  - {fileID: 4330653158238680}
  - {fileID: 4362065737120964}
  - {fileID: 4843958262996478}
  - {fileID: 4847184941960742}
  - {fileID: 4888224559660404}
  - {fileID: 4423015372804572}
  - {fileID: 4234097176489816}
  - {fileID: 4413869058044472}
  - {fileID: 4501000418170228}
  - {fileID: 4834340017087834}
  - {fileID: 4500270977032766}
  - {fileID: 4453397666403218}
  - {fileID: 4396868944297528}
  - {fileID: 4727852596210842}
  - {fileID: 4424175138651060}
  - {fileID: 4565411716195270}
  - {fileID: 4649180922125560}
  m_BlendShapeWeights: []
  m_RootBone: {fileID: 4617219454806298}
  m_AABB:
    m_Center: {x: 2.3283064e-10, y: 0.006508218, z: 0.00000007613562}
    m_Extent: {x: 0.0044173235, y: 0.002452043, z: 0.003275231}
  m_DirtyAABB: 0
--- !u!137 &137814052396617356
SkinnedMeshRenderer:
  m_ObjectHideFlags: 1
  m_PrefabParentObject: {fileID: 0}
  m_PrefabInternal: {fileID: 100100000}
  m_GameObject: {fileID: 1301913651020312}
  m_Enabled: 1
  m_CastShadows: 1
  m_ReceiveShadows: 1
  m_MotionVectors: 1
  m_LightProbeUsage: 1
  m_ReflectionProbeUsage: 1
  m_Materials:
  - {fileID: 2100000, guid: d174297c6296a164f8ad9e19e6a2d474, type: 2}
  m_StaticBatchInfo:
    firstSubMesh: 0
    subMeshCount: 0
  m_StaticBatchRoot: {fileID: 0}
  m_ProbeAnchor: {fileID: 0}
  m_LightProbeVolumeOverride: {fileID: 0}
  m_ScaleInLightmap: 1
  m_PreserveUVs: 0
  m_IgnoreNormalsForChartDetection: 0
  m_ImportantGI: 0
  m_SelectedEditorRenderState: 3
  m_MinimumChartSize: 4
  m_AutoUVMaxDistance: 0.5
  m_AutoUVMaxAngle: 89
  m_LightmapParameters: {fileID: 0}
  m_SortingLayerID: 0
  m_SortingOrder: 0
  serializedVersion: 2
  m_Quality: 0
  m_UpdateWhenOffscreen: 0
  m_SkinnedMotionVectors: 1
  m_Mesh: {fileID: 4300012, guid: 90326744e89241f45a444576bdaa52e0, type: 3}
  m_Bones:
  - {fileID: 4617219454806298}
  - {fileID: 4408358943130220}
  - {fileID: 4620805052405474}
  - {fileID: 4800456401653350}
  - {fileID: 4463660940281854}
  - {fileID: 4246228319724098}
  - {fileID: 4658499840737426}
  - {fileID: 4347492903194980}
  - {fileID: 4694905808191580}
  - {fileID: 4750027077744650}
  - {fileID: 4878296788947644}
  - {fileID: 4330653158238680}
  - {fileID: 4362065737120964}
  - {fileID: 4843958262996478}
  - {fileID: 4847184941960742}
  - {fileID: 4888224559660404}
  - {fileID: 4423015372804572}
  - {fileID: 4234097176489816}
  - {fileID: 4413869058044472}
  - {fileID: 4501000418170228}
  - {fileID: 4834340017087834}
  - {fileID: 4500270977032766}
  - {fileID: 4453397666403218}
  - {fileID: 4396868944297528}
  - {fileID: 4727852596210842}
  - {fileID: 4424175138651060}
  - {fileID: 4565411716195270}
  - {fileID: 4649180922125560}
  m_BlendShapeWeights: []
  m_RootBone: {fileID: 4617219454806298}
  m_AABB:
    m_Center: {x: -0.002281718, y: 0.0044609243, z: -0.00003567984}
    m_Extent: {x: 0.0009455695, y: 0.00084062247, z: 0.0008875294}
  m_DirtyAABB: 0
--- !u!137 &137937144196337472
SkinnedMeshRenderer:
  m_ObjectHideFlags: 1
  m_PrefabParentObject: {fileID: 0}
  m_PrefabInternal: {fileID: 100100000}
  m_GameObject: {fileID: 1997444058121262}
  m_Enabled: 1
  m_CastShadows: 1
  m_ReceiveShadows: 1
  m_MotionVectors: 1
  m_LightProbeUsage: 1
  m_ReflectionProbeUsage: 1
  m_Materials:
  - {fileID: 2100000, guid: d174297c6296a164f8ad9e19e6a2d474, type: 2}
  m_StaticBatchInfo:
    firstSubMesh: 0
    subMeshCount: 0
  m_StaticBatchRoot: {fileID: 0}
  m_ProbeAnchor: {fileID: 0}
  m_LightProbeVolumeOverride: {fileID: 0}
  m_ScaleInLightmap: 1
  m_PreserveUVs: 0
  m_IgnoreNormalsForChartDetection: 0
  m_ImportantGI: 0
  m_SelectedEditorRenderState: 3
  m_MinimumChartSize: 4
  m_AutoUVMaxDistance: 0.5
  m_AutoUVMaxAngle: 89
  m_LightmapParameters: {fileID: 0}
  m_SortingLayerID: 0
  m_SortingOrder: 0
  serializedVersion: 2
  m_Quality: 0
  m_UpdateWhenOffscreen: 0
  m_SkinnedMotionVectors: 1
  m_Mesh: {fileID: 4300018, guid: 90326744e89241f45a444576bdaa52e0, type: 3}
  m_Bones:
  - {fileID: 4617219454806298}
  - {fileID: 4408358943130220}
  - {fileID: 4620805052405474}
  - {fileID: 4800456401653350}
  - {fileID: 4463660940281854}
  - {fileID: 4246228319724098}
  - {fileID: 4658499840737426}
  - {fileID: 4347492903194980}
  - {fileID: 4694905808191580}
  - {fileID: 4750027077744650}
  - {fileID: 4878296788947644}
  - {fileID: 4330653158238680}
  - {fileID: 4362065737120964}
  - {fileID: 4843958262996478}
  - {fileID: 4847184941960742}
  - {fileID: 4888224559660404}
  - {fileID: 4423015372804572}
  - {fileID: 4234097176489816}
  - {fileID: 4413869058044472}
  - {fileID: 4501000418170228}
  - {fileID: 4834340017087834}
  - {fileID: 4500270977032766}
  - {fileID: 4453397666403218}
  - {fileID: 4396868944297528}
  - {fileID: 4727852596210842}
  - {fileID: 4424175138651060}
  - {fileID: 4565411716195270}
  - {fileID: 4649180922125560}
  m_BlendShapeWeights: []
  m_RootBone: {fileID: 4617219454806298}
  m_AABB:
    m_Center: {x: 0.0037164818, y: 0.0041815727, z: -0.000035770703}
    m_Extent: {x: 0.000698579, y: 0.0005421933, z: 0.00065381033}
  m_DirtyAABB: 0
--- !u!137 &137942372904082268
SkinnedMeshRenderer:
  m_ObjectHideFlags: 1
  m_PrefabParentObject: {fileID: 0}
  m_PrefabInternal: {fileID: 100100000}
  m_GameObject: {fileID: 1977262425759018}
  m_Enabled: 1
  m_CastShadows: 1
  m_ReceiveShadows: 1
  m_MotionVectors: 1
  m_LightProbeUsage: 1
  m_ReflectionProbeUsage: 1
  m_Materials:
  - {fileID: 2100000, guid: d174297c6296a164f8ad9e19e6a2d474, type: 2}
  m_StaticBatchInfo:
    firstSubMesh: 0
    subMeshCount: 0
  m_StaticBatchRoot: {fileID: 0}
  m_ProbeAnchor: {fileID: 0}
  m_LightProbeVolumeOverride: {fileID: 0}
  m_ScaleInLightmap: 1
  m_PreserveUVs: 0
  m_IgnoreNormalsForChartDetection: 0
  m_ImportantGI: 0
  m_SelectedEditorRenderState: 3
  m_MinimumChartSize: 4
  m_AutoUVMaxDistance: 0.5
  m_AutoUVMaxAngle: 89
  m_LightmapParameters: {fileID: 0}
  m_SortingLayerID: 0
  m_SortingOrder: 0
  serializedVersion: 2
  m_Quality: 0
  m_UpdateWhenOffscreen: 0
  m_SkinnedMotionVectors: 1
  m_Mesh: {fileID: 4300010, guid: 90326744e89241f45a444576bdaa52e0, type: 3}
  m_Bones:
  - {fileID: 4617219454806298}
  - {fileID: 4408358943130220}
  - {fileID: 4620805052405474}
  - {fileID: 4800456401653350}
  - {fileID: 4463660940281854}
  - {fileID: 4246228319724098}
  - {fileID: 4658499840737426}
  - {fileID: 4347492903194980}
  - {fileID: 4694905808191580}
  - {fileID: 4750027077744650}
  - {fileID: 4878296788947644}
  - {fileID: 4330653158238680}
  - {fileID: 4362065737120964}
  - {fileID: 4843958262996478}
  - {fileID: 4847184941960742}
  - {fileID: 4888224559660404}
  - {fileID: 4423015372804572}
  - {fileID: 4234097176489816}
  - {fileID: 4413869058044472}
  - {fileID: 4501000418170228}
  - {fileID: 4834340017087834}
  - {fileID: 4500270977032766}
  - {fileID: 4453397666403218}
  - {fileID: 4396868944297528}
  - {fileID: 4727852596210842}
  - {fileID: 4424175138651060}
  - {fileID: 4565411716195270}
  - {fileID: 4649180922125560}
  m_BlendShapeWeights: []
  m_RootBone: {fileID: 4617219454806298}
  m_AABB:
    m_Center: {x: -0.0037164828, y: 0.004181572, z: -0.0000357728}
    m_Extent: {x: 0.0006985796, y: 0.00054219214, z: 0.00065380963}
  m_DirtyAABB: 0
--- !u!137 &137953587838673854
SkinnedMeshRenderer:
  m_ObjectHideFlags: 1
  m_PrefabParentObject: {fileID: 0}
  m_PrefabInternal: {fileID: 100100000}
  m_GameObject: {fileID: 1872372128751782}
  m_Enabled: 1
  m_CastShadows: 1
  m_ReceiveShadows: 1
  m_MotionVectors: 1
  m_LightProbeUsage: 1
  m_ReflectionProbeUsage: 1
  m_Materials:
  - {fileID: 2100000, guid: d174297c6296a164f8ad9e19e6a2d474, type: 2}
  m_StaticBatchInfo:
    firstSubMesh: 0
    subMeshCount: 0
  m_StaticBatchRoot: {fileID: 0}
  m_ProbeAnchor: {fileID: 0}
  m_LightProbeVolumeOverride: {fileID: 0}
  m_ScaleInLightmap: 1
  m_PreserveUVs: 0
  m_IgnoreNormalsForChartDetection: 0
  m_ImportantGI: 0
  m_SelectedEditorRenderState: 3
  m_MinimumChartSize: 4
  m_AutoUVMaxDistance: 0.5
  m_AutoUVMaxAngle: 89
  m_LightmapParameters: {fileID: 0}
  m_SortingLayerID: 0
  m_SortingOrder: 0
  serializedVersion: 2
  m_Quality: 0
  m_UpdateWhenOffscreen: 0
  m_SkinnedMotionVectors: 1
  m_Mesh: {fileID: 4300008, guid: 90326744e89241f45a444576bdaa52e0, type: 3}
  m_Bones:
  - {fileID: 4617219454806298}
  - {fileID: 4408358943130220}
  - {fileID: 4620805052405474}
  - {fileID: 4800456401653350}
  - {fileID: 4463660940281854}
  - {fileID: 4246228319724098}
  - {fileID: 4658499840737426}
  - {fileID: 4347492903194980}
  - {fileID: 4694905808191580}
  - {fileID: 4750027077744650}
  - {fileID: 4878296788947644}
  - {fileID: 4330653158238680}
  - {fileID: 4362065737120964}
  - {fileID: 4843958262996478}
  - {fileID: 4847184941960742}
  - {fileID: 4888224559660404}
  - {fileID: 4423015372804572}
  - {fileID: 4234097176489816}
  - {fileID: 4413869058044472}
  - {fileID: 4501000418170228}
  - {fileID: 4834340017087834}
  - {fileID: 4500270977032766}
  - {fileID: 4453397666403218}
  - {fileID: 4396868944297528}
  - {fileID: 4727852596210842}
  - {fileID: 4424175138651060}
  - {fileID: 4565411716195270}
  - {fileID: 4649180922125560}
  m_BlendShapeWeights: []
  m_RootBone: {fileID: 4617219454806298}
  m_AABB:
    m_Center: {x: -0.0007647249, y: 0.00049050944, z: 0.00014911173}
    m_Extent: {x: 0.00074443675, y: 0.0009881516, z: 0.0009283606}
  m_DirtyAABB: 0
--- !u!205 &205777670535060730
LODGroup:
  m_ObjectHideFlags: 1
  m_PrefabParentObject: {fileID: 0}
  m_PrefabInternal: {fileID: 100100000}
  m_GameObject: {fileID: 1622139694251800}
  serializedVersion: 2
  m_LocalReferencePoint: {x: 0, y: 0.6508218, z: 0.0000006556511}
  m_Size: 0.8834647
  m_FadeMode: 0
  m_AnimateCrossFading: 0
  m_LODs:
  - screenRelativeHeight: 0.48636207
    fadeTransitionWidth: 0
    renderers:
    - renderer: {fileID: 137343520036530762}
  - screenRelativeHeight: 0.19560023
    fadeTransitionWidth: 0
    renderers:
    - renderer: {fileID: 137350311412804482}
  - screenRelativeHeight: 0.09445767
    fadeTransitionWidth: 0
    renderers:
    - renderer: {fileID: 137688703543271210}
  m_Enabled: 0
